3878 5036
393 415 483 505 πο
587 405 590 415 ·
828 385 922 498 cap.
951 379 1022 462 ιν.
1051 375 1114 456 ne
1135 363 1467 476 indometa,
1693 323 1715 411 1
1878 204 1896 581 q

391 507 1808 566 ,,.........-.....---.......---.-.------

396 578 666 664 terminantur
704 565 1017 652 indeterminata
1052 554 1102 640 ad
1140 551 1426 647 lela,s1vead
1458 547 1634 637 eundem
1660 547 1811 660 obliqua.

406 687 476 780 ΑΒ
496 683 717 777 normales,
748 703 795 766 ut
812 677 907 764 fiant
937 667 1123 808 tiiumtisq
1142 665 1254 750 Hinc
1278 664 1593 749 determinantur
1617 685 1810 746 omoesca·

394 800 467 888 ΑΡ
482 801 524 884 in
542 799 631 884 data
645 801 798 881 ratione
816 784 1100 902 proportione·
1141 777 1204 864 sus
1221 776 1421 890 poffibiles
1443 777 1710 888 aquationum
1728 774 1814 859 lota-

394 914 464 1006 lts.
513 912 625 998 Ratio
642 909 699 994 est
715 904 855 991 relatio
870 887 1100 1010 simpliciffi·
1139 887 1260 976 lium:
1290 915 1381 1001 qurt
1397 887 1608 1004 quomodo
1637 889 1813 1000 repetitu

351 1047 354 1052 ·
394 1055 483 1122 tna,
512 1049 636 1140 quarn
653 1019 815 1106 exbibet
844 1011 952 1101 resta
967 1006 1016 1093 ad
1034 1031 1097 1088 re·
1141 1027 1227 1096 tur,
1258 1027 1307 1089 er
1327 1005 1374 1088 iis
1400 1024 1529 1115 patet,
1558 1026 1647 1114 quae
1681 997 1729 1085 de
1755 1003 1813 1084 eit·
1888 1014 1893 1041 ²

321 1173 324 1184 ·
391 1141 496 1230 llam
528 1137 643 1226 aliam
678 1129 808 1218 relata.
878 1121 1101 1210 Relationes
1140 1113 1234 1200 culo
1278 1115 1402 1228 paulo
1444 1138 1534 1200 ante
1583 1112 1812 1198 ostendimus.

356 1319 358 1327 .
393 1277 494 1340 vero
524 1273 665 1339 ceterae
695 1243 916 1332 constantes
950 1255 1098 1343 reprae·
1140 1227 1249 1314 Cum
1274 1229 1415 1344 Slufius
1437 1229 1708 1340 aquationum
1728 1225 1812 1310 loet-

271 1399 275 1406 ·
393 1367 597 1452 sentantur
616 1357 1095 1471 perlineascurvas,qua·
1138 1341 1238 1426 lium
1249 1337 1813 1448 usuminconstruendisaequa·

393 1479 440 1568 lis
457 1477 514 1561 est
531 1479 570 1560 in
590 1469 764 1565 circulo,
795 1489 841 1552 ut
859 1461 1100 1578 quadratum
1139 1453 1316 1543 tionibus
1342 1454 1492 1540 cubicis
1520 1459 1568 1546 δε
1598 1449 1812 1563 bi'quadrati·

269 1615 274 1631 ¹
315 1623 334 1692 χ
396 1587 685 1677 semiordinatae
701 1582 746 1665 fit
769 1573 923 1689 aequale
941 1567 1096 1658 reetan·
1138 1569 1192 1650 cis
1218 1563 1436 1669 docuiliet3
1483 1567 1696 1681 Philippus
1719 1561 1813 1646 dela

393 1702 493 1820 gulo
518 1725 566 1785 ex
584 1694 795 1806 segmentis
813 1687 1007 1774 diametri.
1029 1677 1097 1761 Vi·
1138 1685 1236 1764 Hire
1251 1675 1472 1788 Algebrom
1488 1675 1536 1764 ad
1564 1675 1650 1764 loca
1672 1701 1812 1790 geomt·
1888 1678 1897 1697 ³

394 1820 539 1902 demus
577 1810 676 1896 adeo
709 1801 967 1914 aquationes,
1009 1818 1100 1907 quae
1140 1789 1477 1904 tricaappiicavit,
1499 1799 1547 1886 &
1568 1784 1812 1875 inumoiealu
1887 1844 1895 1893 ,

293 1966 296 1973 ·
395 1927 495 2015 duas
516 1921 733 2011 involvunt
765 1915 887 2002 lineas
904 1901 1099 2018 'incogni-
1137 1907 1381 2015 aquationes
1410 1903 1553 1990 locales
1589 1901 1637 1988 ad
1666 1899 1814 1993 retiam,

269 2065 277 2072 “
394 2065 470 2137 tas,
497 2035 744 2150 geometrice
768 2023 943 2115 construi
963 2016 1094 2134 polle,
1137 2015 1334 2102 circulum
1351 2023 1399 2110 δι
1414 2014 1812 2108 seiliunesconicasln.

394 2171 595 2266 quatenus
612 2144 762 2232 eadem
779 2139 1013 2250 exprimunt
1032 2156 1098 2214 re·
1138 2130 1334 2240 vestigare
1342 2127 1504 2217 docuit:
1525 2127 1642 2242 quod
1661 2121 1786 2214 idemf
1797 2173 1812 2190 -

395 2266 583 2352 lationem
601 2257 869 2346 constantem,
899 2241 1099 2364 quambt-
1138 2243 1192 2327 cit
1210 2247 1441 2326 Oztnamus.
1505 2239 1726 2328 Enimvero
1738 2261 1813 2326 cun
1904 2242 1905 2314 Ὗ

392 2377 490 2464 bent
512 2369 787 2486 singulalintae
806 2354 1100 2473 curvaepunfila
1140 2353 1191 2438 fic
1209 2353 1346 2468 piures
1369 2353 1583 2467 prodirent
1600 2357 1812 2467 aquationes
1904 2437 1905 2450 Ν

392 2487 611 2580 autetiam
633 2481 828 2596 positione
855 2477 1000 2568 datam,
1031 2471 1100 2558 seu
1115 2496 1125 2538 ⁴,
1143 2467 1400 2579 particulares
1420 2465 1469 2552 ad
1490 2465 1659 2554 eandum
1672 2466 1810 2567 linetm3
1904 2560 1905 2570 q

392 2625 592 2720 quatenus
611 2595 761 2682 eadem
787 2591 878 2676 sunt
902 2587 1095 2700 aquatio·
1116 2627 1119 2694 i
1134 2585 1300 2691 joannes
1316 2583 1742 2694 Crat‘gius'aequatioues
1756 2599 1811 2688 ge·
1904 2595 1905 2605 ¹

391 2723 462 2804 nes
479 2711 529 2800 ad
543 2735 709 2798 curvam
719 2699 920 2820 quandam
935 2699 1094 2788 lineam,
1114 2697 1120 2814 l
1138 2691 1290 2778 nerales
1300 2693 1557 2804 investigavit
1584 2692 1632 2781 ad
1653 2689 1814 2778 sobionu

390 2852 515 2940 quam
531 2820 740 2910 definiunt.
787 2817 926 2924 Atque
945 2809 1096 2894 idtoae-
1138 2809 1317 2900 tunicas,
1341 2830 1432 2919 qua
1454 2829 1600 2893 omnes
1628 2801 1810 2918 particula·

338 2987 344 2996 ⁴
391 2940 619 3048 quationes‚
660 2953 759 3042 quas
795 2950 886 3012 ante
922 2921 1097 3007 diximus
1137 2945 1199 3004 res
1217 2922 1441 3002 eminenter
1462 2911 1693 3004 oontintnt:
1718 2909 1809 3024 cujus

391 3050 634 3159 aquationes
650 3041 703 3132 ,ad
719 3062 909 3134 curvam,
937 3033 1089 3122 bicvo-
1136 3031 1368 3145 exemplum
1396 3031 1554 3118 secutus
1588 3029 1808 3148 Hospitalitts.

391 3182 534 3252 cantur
549 3156 705 3244 locales.
1135 3141 1267 3254 Nobis
1283 3169 1452 3257 quoque
1468 3137 1621 3258 plauuit
1638 3137 1808 3256 generalia

192 3341 200 3350 .
270 3353 276 3358 .
1133 3257 1314 3341 invenite
1323 3255 1568 3343 theoremata
1577 3245 1809 3344 construendi

417 3387 485 3498 .§.
514 3408 610 3476 211.
638 3377 882 3470 Monuimus
909 3375 950 3458 in
986 3399 1096 3462 ante·
1134 3363 1810 3482 omnesaequationesloctlesodro

388 3500 587 3594 rioribus,
618 3517 785 3583 curvam
811 3485 952 3578 referri
983 3484 1092 3598 polle
1133 3479 1235 3568 &am
1251 3488 1299 3575 &
1315 3477 1505 3568 seilionts
1532 3485 1706 3576 tunicas,
1732 3495 1809 3560 etin

275 3641 277 3651 '
389 3618 440 3706 ad
465 3607 686 3729 quamlibet
710 3602 860 3692 reliam
883 3597 1093 3712 ,pontione
1133 3619 1207 3708 ptr
1224 3593 1591 3681 eaconilrutliones
1606 3587 1810 3706 problema·

384 3730 541 3822 datam,
570 3721 651 3809 five
680 3747 733 3834 ea
747 3739 918 3824 curvam
933 3707 1037 3796 secet
1048 3713 1091 3797 in
1134 3731 1223 3798 tum
1237 3704 1639 3792 indeterminatorum
1655 3707 1716 3791 vit
1729 3717 1808 3785 vert

387 3840 564 3933 vertite,
590 3834 671 3920 sive
688 3835 730 3918 in
746 3827 822 3916 alio
840 3849 1090 3941 quocunque
1133 3808 1810 3934 analyticatruipoffintbempeniti·

310 4000 317 4025 t
419 3948 567 4044 onim,
595 3945 678 4034 srve
695 3939 863 4032 eandem
875 3961 959 4024 non
975 3933 1090 4032 secet,
1111 3888 1427 4019 ¹ustitaminanti
1439 3931 1643 4026 conflabit,
1654 3919 1809 4015 nonalis

292 4135 297 4144 .
385 3978 452 4154 gd
469 4087 553 4151 tota
578 4081 689 4144 extra
715 4079 803 4142 eam
828 4049 941 4140 cadat
967 4049 1085 4134 inter·
1136 4045 1202 4131 hit
1217 4069 1322 4158 opus
1330 4039 1406 4128 tile
1415 4041 1598 4140 artificiis,
1609 4065 1725 4158 quarn
1733 4055 1809 4148 qua

382 4175 491 4268 vallo
501 4169 564 4262 vel
575 4167 700 4267 nullo,
718 4163 782 4253 vel
791 4159 1093 4254 datoabetdem
1137 4155 1259 4272 paulo
1286 4179 1376 4242 ante
1400 4157 1702 4247 infinuavimus
1725 4163 1808 4233 cum

380 4287 548 4391 distans,
572 4281 720 4384 &ssva
742 4281 804 4372 axi
819 4275 946 4372 fuerit
961 4273 1094 4390 paral·
1136 4271 1189 4364 dt
1231 4267 1525 4386 aquationibus
1556 4255 1807 4361 ad'cittulssm
1902 4289 1903 4296 ¹

906 4462 922 4506 r
1683 4388 1807 4493 agere·
1850 4421 1854 4427 -
