3880 5032
490 327 581 447 op.
597 257 667 418 rr.
705 323 767 416 ne
781 318 915 438 rma
938 319 1201 437 mamma.
1280 393 1282 397 ψ
1403 365 1410 453 5
1486 327 1576 432 raa

125 471 1574 507 mm

117 543 231 634 dum
282 568 533 660 tantoperea
562 545 677 633 nobis
719 571 832 634 com·
873 535 1002 630 sensui
1019 539 1382 655 patennttteaedem
1399 539 1573 626 thomni
1644 583 1654 590 -

116 657 354 745 mendatam
372 665 419 751 δε
440 656 692 745 tam'sollicite
707 656 835 746 incul.
873 653 1036 762 prorsus
1045 657 1151 739 vitio
1168 649 1571 764 subreptionioquod
1734 727 1738 738 ,

102 793 266 858 catam
330 767 473 880 Capite
520 771 654 889 prirpo
688 777 736 865 &
776 768 835 856 sc»
868 761 1073 874 inLogica
1089 789 1301 856 vocamus,
1323 762 1397 850 sint
1411 762 1571 849 liberae:

115 879 281 971 cundo,
297 883 338 966 in
359 883 512 994 quibus
528 880 579 967 de
605 905 744 968 natura
769 881 831 966 so·
899 871 1573 988 uaintemulttrmpeccaturaMe⁴

109 992 166 1080 lis
182 1017 232 1077 ac
249 990 375 1086 lunc,
407 1011 720 1106 ceterorumque
748 990 831 1107 pla·
868 900 978 1083 licis,
995 990 1293 1086 ututvirotum
1319 981 1577 1101 experientis-

118 1126 314 1192 netarnm
331 1127 411 1189 tam
430 1101 699 1216 superiorum,
739 1129 832 1190 narn
870 1100 1061 1186 fimorum
1079 1099 1244 1186 titulum
1262 1099 1369 1211 quas
1390 1097 1458 1183 fibi
1528 1123 1574 1184 o-

118 1213 369 1302 inferiorum
383 1239 609 1329 totumque
625 1130 833 1304 satellitum
870 1213 1006 1322 prium
1030 1209 1189 1297 dodum
1209 1209 1440 1298 consecutis.
1477 1123 1575 1296 lle-

117 1329 280 1440 agitur,
298 1325 611 1440 docentur‚quae
627 1326 676 1414 ad
695 1326 834 1442 Phyli-
871 1349 952 1438 que
970 1317 1123 1410 facilius
1142 1323 1199 1408 est
1214 1318 1574 1436 fadla‚quaeobscr-

116 1459 211 1526 eam
230 1440 373 1550 magis,
392 1461 514 1634 poam
534 1439 834 1528 Astronomiam
870 1457 1038 1528 vantur,
1064 1437 1230 1520 notione
1256 1431 1434 1521 distinsla
1460 1459 1575 1522 com·
1702 1529 1711 1538 ,

1456 1217 1464 1239 l

120 1549 330 1664 spectant,
350 1573 417 1636 etr
449 1549 717 1639 Astronomus
747 1547 838 1663 jure
872 1543 1187 1660 prehendere&
1209 1545 1345 1632 verbis
1372 1549 1473 1660 aptis
1495 1545 1574 1632 fin·

119 1663 195 1748 suo
211 1661 286 1746 nbi
307 1675 351 1751 ea
371 1687 462 1749 arro
494 1687 554 1757 et,
578 1689 669 1778 quae
700 1661 838 1748 obser·
870 1657 965 1767 gula
983 1659 1023 1740 in
1034 1658 1173 1742 eadem
1184 1683 1369 1744 contente
1383 1659 1573 1744 enuncia·

120 1687 835 1887 rationibussuisclebentur.Qram-
872 1795 937 1866 re,
956 1793 1004 1854 ot
1018 1773 1115 1855 certi
1141 1769 1358 1884 quidinde
1385 1767 1573 1858 concludi

122 1883 275 1972 obrem
299 1882 396 1970 hinc
415 1883 564 1972 discere
592 1886 707 1982 licet,
731 1911 836 1998 quo·
871 1879 1000 1995 poffit.
1061 1883 1172 1968 Artis
1195 1905 1387 1994 praeterca
1416 1881 1472 1967 en
1499 1906 1574 1968 nec
1615 1959 1620 1976 ,

119 1999 256 2085 modo
274 1995 426 2082 utiliter
443 1998 482 2078 in
504 1994 662 2082 Philnso
695 1997 834 2082 hiant·
873 1992 984 2104 plus,
1004 2017 1078 2079 nec
1094 1995 1228 2078 minus
1253 1993 1346 2078 inde
1369 1990 1574 2104 colligere,

121 2109 248 2198 turali
264 2106 334 2193 sen
345 2103 510 2217 Physica
519 2107 564 2190 fit
580 2023 836 2202 versalndum,
875 2129 995 2216 quam
1008 2128 1119 2190 certo
1129 2106 1336 2190 ratiocinio
1351 2099 1488 2190 inferri
1499 2129 1575 2224 po·

122 2224 323 2307 nimitum
356 2215 568 2329 quomodo
610 2220 835 2333 quaerendae
873 2217 959 2301 tesi.
1009 2217 1094 2325 Qri
1112 2215 1172 2301 his
1188 2240 1369 2308 accurate
1384 2215 1575 2304 satisface-

124 2333 202 2420 fint
239 2329 533 2417 observationes
574 2355 835 2425 communes,
874 2353 919 2414 re
936 2327 1135 2421 voluerit,
1163 2329 1282 2413 etsrin
1298 2325 1637 2416 demonstran·'
1783 2401 1802 2416 ..
1924 2349 1925 2420 3

123 2469 217 2557 quae
237 2441 306 2530 sua
321 2441 446 2527 veluti
465 2439 607 2554 sponte
641 2443 720 2530 sest
737 2437 834 2530 offe·
873 2435 1578 2554 donihildifficultatisdeprehendat,

128 2581 252 2649 runt,
278 2577 400 2666 qnam
429 2551 561 2640 studio
585 2554 773 2670 quaefitae,
792 2580 838 2640 ac
874 2551 1057 2662 nondum
1083 2573 1215 2638 tamen
1241 2577 1291 2639 ex
1314 2577 1414 2639 voto
1441 2555 1577 2642 omnir

131 2659 229 2754 inde
244 2667 483 2780 apolletiori
492 2666 731 2788 colligantur
726 2691 836 2866 pro·
873 2662 1170 2762 srbisuccedere
1188 2668 1429 2788 experietur.
1450 2665 1579 2777 Qm·

131 2777 369 2892 positiones,
397 2803 503 2892 quas
532 2805 553 2867 a
580 2783 707 2893 priori
754 2805 838 2866 cte·
872 2777 1016 2864 obrem
1044 2775 1093 2862 ad
1129 2777 1446 2874 observationes,
1478 2805 1579 2890 quaa

129 2915 232 3003 gere
261 2887 536 2979 nondabatur
560 2893 765 3005 principiis
787 2889 837 2978 ad
874 2890 1579 3005 commemoramus,animomprobc

130 2997 451 3087 ratiocinandum
496 3003 712 3091 necessariis
736 3001 837 3088 defi·
873 3001 1065 3096 attendat,
1082 3026 1129 3088 ut
1145 3001 1232 3090 idea
1257 3003 1494 3116 exemplaris
1513 3027 1577 3092 eac

131 3109 345 3196 cientibus.
406 3111 496 3196 Nos
515 3111 834 3223 inl’hyficadog-
874 3121 948 3196 rite
962 3111 1210 3201 describendi
1243 3116 1377 3207 animo
1403 3113 1577 3206 insinue-
1704 3169 1746 3220 -,
1805 3112 1810 3120 ’

131 3222 299 3312 marica,
327 3245 448 3334 qnam
485 3219 673 3309 idiomate
704 3223 835 3334 patrio
875 3245 973 3328 tur;
1000 3249 1075 3308 nec
1093 3229 1292 3313 minorem
1314 3231 1577 3318 attentionem
1604 3277 1615 3286 ·

132 3331 230 3420 evnl
262 3333 436 3430 avimus,
451 3331 620 3420 eandem
639 3337 751 3420 viam·
771 3337 832 3422 in·
873 3327 1010 3421 afferat
1035 3335 1083 3419 ad
1109 3337 1337 3432 corollaria,
1361 3343 1402 3426 in
1426 3339 1577 3452 quibui

131 3469 209 3642 pre
240 3441 416 3533 rsumoc.
473 3443 555 3548 Etsi
581 3469 714 3533 autem
738 3441 833 3534 foci·
873 3443 1165 3569 propofitiones
1182 3473 1230 3533 ex
1255 3449 1394 3536 iisdem
1413 3453 1579 3538 elicitin·

151 3561 184 3640 is
203 3555 387 3644 videatur
407 3554 493 3643 hacc
514 3557 832 3654 methodnsmon
875 3585 965 3656 tur,
989 3584 1034 3644 ut
1059 3557 1232 3646 modum
1263 3559 1483 3652 stabiliendi
1503 3589 1579 3676 pet

132 3689 267 3755 tamen
295 3667 395 3753 adeo
424 3667 578 3755 facilem
611 3667 836 3783 deprehen·
874 3670 1169 3758 observationes
1180 3671 1386 3786 principia,
1396 3671 1579 3764 seueniis

131 3779 436 3890 det‚qnantum
456 3805 585 3892 putat,
605 3786 676 3902 qui
692 3781 835 3869 cadem
874 3783 1043 3870 eruendi
1070 3783 1363 3896 propositiones
1391 3812 1580 3904 compre·
1666 3857 1676 3862 -

134 3893 214 3978 rite
232 3894 291 3977 uti
309 3891 496 3978 voluerit·
525 3892 833 3986 Nimirumacu·
873 3893 1034 3982 hendat.
1090 3895 1310 3986 Utilitatem
1343 3924 1425 3984 non
1454 3899 1581 3986 modo

135 4005 246 4088 mine
263 4002 418 4088 nonnifi
442 4001 566 4090 multa
589 4009 836 4098 exercitatio·
877 4009 916 4092 in
935 4005 1121 4118 Physica,
1135 4033 1282 4094 verum
1299 4011 1418 4098 etiam
1440 4015 1481 4097 in
1500 4009 1582 4126 ipsa

139 4135 194 4197 ne
209 4113 398 4228 acquidto
417 4137 519 4228 opus
536 4115 611 4206 est,
636 4141 687 4202 nc
703 4019 860 4246 obser-l
877 4116 1132 4234 Philosophia
1153 4123 1294 4207 morli
1318 4129 1364 4222 δι
1388 4123 1494 4214 civili
1513 4147 1584 4210 cx·

140 4225 367 4320 renonibus
386 4229 634 4330 ‘iniciantun
659 4229 729 4324 nio
747 4255 839 4350 qoae
853 4277 863 4344 ἱ
878 4235 1074 4439 ρεὲἰειιιι.
1123 4231 1308 4348 inprimis
1342 4239 1461 4329 etiam
1490 4260 1587 4438 edan.

937 4367 1094 4460 Μ)2
1523 4370 1591 4468 9¹⁰
