3872 5030
415 279 696 410 raptata,
710 247 946 412 ⁹coapata
963 253 1253 412 adipatae.
1467 305 1560 398 ⁴437

83 501 275 604 artifice,
292 509 364 620 qui
389 503 523 620 quoad
553 503 756 595 theoriam
771 532 811 592 a·
853 503 937 617 Qu
952 529 1052 616 ergo
1068 500 1118 592 ad
1135 497 1367 592 secundum
1383 509 1558 620 gradum

82 619 255 704 iiorum
277 617 392 706 distis
424 617 576 704 habere
609 617 733 705 debet
762 613 810 701 fi·
852 617 1093 728 cognitionis
1127 613 1349 733 adspirant,
1375 647 1439 714 ea,
1467 646 1557 735 quat

81 729 214 826 dem,
264 729 556 844 consequenter
609 727 808 839 judicium
851 727 903 814 de
920 723 1162 815 resrastione
1182 727 1225 812 iu
1251 755 1403 840 genere
1427 737 1557 846 capite
1702 745 1708 768 ⁸
1803 781 1808 788 =

80 839 225 957 suum⁴
261 840 532 929 determinare
566 843 710 954 nequit
743 839 830 960 uit
849 863 985 951 prtmo
1013 837 1235 948 docentur,
1254 843 1385 954 probe
1401 869 1555 960 expen-

81 953 215 1064 fiper
234 957 422 1042 notiones
440 977 682 1040 communes
706 973 805 1066 pru·
847 951 944 1038 dere
963 947 1554 1072 debenuquoniamhincpen-

78 1063 307 1154 habilitatis
349 1063 589 1154 extrinseca.
726 1161 729 1166 ,
847 1061 917 1150 det
930 1059 1130 1149 certitudo
1154 1085 1384 1153 ceterorum
1419 1071 1552 1157 omni·

804 1187 807 1192 '
845 1201 941 1271 um,
970 1175 1127 1292 quaein
1151 1173 1360 1289 Dioptrica
1381 1179 1553 1276 demam

139 1289 185 1398 §.
193 1287 356 1392 281.ln
365 1285 575 1404 Dioptrica
585 1288 807 1422 explicatur
844 1285 1030 1375 strantur.
1088 1283 1217 1396 Quod
1246 1287 1552 1382 demonstratio,

81 1399 395 1498 vifiorefrtsia,
411 1427 458 1488 ac
483 1401 805 1515 inprimuosten·
845 1423 914 1486 nes
942 1395 1157 1510 dioptricas
1183 1401 1340 1498 attinet,
1359 1429 1441 1492 non
1465 1425 1550 1493 uno

83 1516 226 1614 ditur,
245 1512 462 1628 quomodo
486 1509 747 1613 refrassiofiat
762 1511 803 1594 in
844 1509 969 1597 modo
1007 1506 1166 1595 easdem
1197 1536 1412 1605 matertere
1442 1515 1550 1607 licet.

82 1633 201 1720 vitris
211 1625 366 1740 politis.
377 1619 659 1738 Quamobrem
668 1626 803 1732 primo
844 1623 1005 1709 Etenim
1021 1617 1221 1733 supposta
1238 1621 1329 1740 iege
1346 1624 1589 1718 resrasiioae

83 1733 802 1849 omniumiocoinquirendumestin
843 1739 994 1850 nisper
1014 1730 1217 1822 calculum
1247 1745 1551 1851 trigonometri-

82 1853 224 1966 legem
280 1847 552 1958 resrasiionis:
582 1875 673 1964 quae
698 1868 803 1960 quo·
843 1873 939 1934 cum
956 1847 1043 1932 erui
1071 1839 1220 1958 potsst,
1247 1853 1458 1962 quomodo
1483 1854 1573 1948 fiat·
1694 1884 1697 1889 ’

83 1963 216 2054 modo
237 1965 324 2160 per
334 1963 606 2072 experimenta
622 1981 803 2052 eruatur,
843 1954 1029 2046 restasiio
1053 1961 1106 2060 'in
1131 1958 1238 2044 vitro
1267 1959 1481 2072 cujuslibet
1503 1967 1551 2054 fi·

84 2103 224 2280 primo
264 2073 584 2162 ocodocendum
600 2028 977 2184 duximussgura,
1010 2065 1137 2154 veluti
1161 2071 1205 2156 in
1226 2075 1339 2162 vitris
1356 2080 1550 2194 utrinque

125 2185 462 2300 quidem'hodie,
479 2185 692 2300 postquam
711 2179 805 2304 usus
840 2183 989 2299 planis,
1026 2177 1146 2303 plano
1178 2190 1394 2284 convexis.
1427 2191 1547 2304 piano

87 2302 410 2413 teiescopiorum
435 2309 482 2394 &
518 2295 803 2408 microscopio·
839 2295 1054 2390 concavis,
1100 2297 1294 2410 utrinque
1345 2307 1548 2403 convexis,

89 2413 185 2503 rum
201 2411 398 2507 invaluit,
461 2409 679 2518 otiffimum
701 2407 802 2494 ratio
840 2412 1036 2517 utrinque
1084 2412 1269 2496 concavis
1311 2419 1360 2506 &
1404 2441 1549 2505 conca.

88 2527 271 2614 habetur
315 2437 562 2612 refradionis
605 2525 668 2632 in
691 2523 802 2608 vitro
842 2549 896 2609 vo
915 2528 938 2590 -'
960 2519 1149 2604 convexis
1207 2519 1288 2614 five
1351 2528 1549 2616 meniscis.

91 2637 235 2748 sasiae3
266 2637 493 2726 addidimus
513 2655 646 2724 tamen
662 2633 802 2722 etiam,
841 2633 953 2722 Idem
972 2631 1140 2742 reperiri
1156 2633 1287 2744 potest
1311 2663 1387 2750 per
1416 2641 1550 2728 calcu.

93 2751 313 2862 quomodo
333 2749 413 2837 sese
428 2748 803 2862 habeatinaqua&
841 2749 929 2835 ium
945 2741 1229 2854 algebraicum.
1285 2747 1419 2838 Potest
1434 2753 1550 2841 deni·
1603 2833 1605 2836 ,

92 2875 429 2976 asrapropterea
446 2860 559 2976 quod
580 2862 622 2949 io
641 2857 804 2969 Pnyfica
844 2858 1060 3058 pueetiam
1088 2865 1335 2966 geometrice
1376 2864 1548 2953 demon·
1631 2933 1633 2936 -

91 2973 299 3085 maiotest
314 2974 458 3064 utilitas
477 2975 574 3084 legis
597 2966 804 3075 refrassio-
879 2971 982 3064 rati,
1020 2969 1133 3084 quod
1165 2993 1356 3082 tanquam
1381 2973 1461 3089 jam
1485 2983 1548 3067 in.

91 3089 158 3174 nis
177 3087 682 3198 inaqua&atre,quamin
697 3085 804 3170 vitto
846 3102 1016 3171 ventum
1037 3077 1299 3194 supponitur,
1318 3113 1392 3200 per
1412 3090 1548 3202 legem

92 3195 226 3288 faeta.
282 3195 480 3308 Qamvis
503 3218 603 3278 vero
622 3197 739 3281 mam
758 3216 803 3277 o·
844 3191 1089 3282 resradionis
1105 3197 1145 3278 vi
1161 3195 1457 3312 principiorum
1475 3231 1549 3315 ge-

92 3307 385 3402 stenderimus,
412 3303 622 3418 quomodo
651 3304 719 3406 ier
738 3331 805 3391 re-
845 3307 1161 3403 0metricorum,
1189 3333 1305 3398 more
1345 3339 1548 3402 veterum.

93 3419 302 3508 frasiionis
325 3424 368 3506 iu
396 3442 548 3532 genere
570 3429 644 3532 p'er
669 3417 803 3526 calcu·
845 3421 904 3508 Ut
916 3418 1046 3536 ,igitur
1064 3413 1239 3504 diversos
1248 3419 1367 3510 hosce
1377 3425 1547 3516 demon-

93 3533 182 3619 lum
201 3531 461 3645 ,analyticum
512 3554 705 3638 eruatur3
733 3555 803 3618 ex·
846 3528 990 3642 strandi
1007 3527 1352 3622 modoslesiorem
1364 3541 1548 3630 nostrum
1626 3606 1632 3616 -

95 3648 332 3758 perimentis
368 3669 500 3732 tamen
546 3641 804 3757 superseder'e
847 3643 1104 3738 doceremus,
1138 3671 1249 3732 nunc
1274 3647 1323 3734 ad
1349 3651 1549 3745 calculum

97 3759 266 3848 minime
284 3753 512 3870 possumus,
527 3781 622 3856 cum
646 3753 804 3841 ratiost·
846 3755 1357 3867 trigouometricumnunc
1371 3764 1420 3850 ad
1438 3765 1549 3877 aige-

99 3891 174 3958 nus
184 3867 596 3980 anguliiociinationrs
612 3867 662 3954 ad
673 3867 802 3953 smum
843 3868 1045 3964 braicum,
1064 3893 1173 3956 nunc
1190 3893 1289 3958 vero
1305 3869 1353 3958 ad
1376 3873 1549 3969 demon.

101 3981 235 4092 anguli
244 3977 511 4092 refrasiiquae
520 4006 594 4094 per
602 3975 800 4067 calculum
842 3981 1046 4066 strationes
1062 3986 1324 4090 geometricas
1342 3991 1547 4084 veteribus

98 4093 279 4180 constans
297 4095 467 4188 eruitur,
479 4116 566 4178 non
583 4089 721 4178 eadem
732 4089 801 4177 de·
844 4091 997 4180 ufitatas
1044 4098 1306 4187 recurrimus.
1366 4101 1412 4194 In
1434 4105 1548 4196 vitris
1630 4097 1639 4108 ’

100 4201 373 4322 prehendatur
387 4206 431 4302 in
448 4207 575 4310 omns
590 4200 801 4324 uapnano.
842 4206 1000 4408 ppiin‘s,
1033 4209 1256 4328 exquibus
1285 4214 1447 4314 tubi&
1469 4221 1547 4306 mi.

117 4349 122 4358 ·
186 4338 221 4356 ”
914 4337 1014 4432 113
1454 4353 1547 4422 cro-
