3836 5030
182 307 240 409 Ι,
354 339 441 430 206
551 429 555 436 ¹
647 336 743 452 cap,
771 331 806 415 I.
835 328 897 410 Dr
912 323 1078 442 diverfis
1097 326 1321 436 cognitionis
1330 322 1518 435 gnatius
1627 341 1634 348 '
1735 281 1739 288 Ι

497 471 971 504 *μ*
980 460 1808 488 ”muna-*n-

4 497 8 507 ’
130 531 135 540 ·
231 573 234 591 ·
353 521 606 610 missuerant
627 519 1063 615 elicirae,memoriare·
1107 509 1275 604 sendus.
1302 508 1429 612 oculis
1453 506 1663 622 spessime
1690 511 1813 626 subji-

344 633 552 730 ‘tinendm
580 657 627 720 ut
653 657 718 718 eas
735 632 1001 719 'imroducere
1017 626 1066 710 li·
1108 627 1184 720 cit,
1208 627 1473 710 attentionem
1492 625 1660 712 mirifice
1679 624 1814 736 iuvat,

362 775 449 837 cett
473 750 516 830 in
551 744 761 857 sequentes
778 738 856 856 per
894 740 1067 826 modum
1109 741 1189 822 sive
1211 764 1258 822 ea
1285 736 1510 832 excitanda,
1542 737 1623 824 five
1649 739 1813 828 conser-

362 857 675 976 pramilsarnm,
706 859 777 941 uhi
805 857 891 940 uon
917 849 1236 946 statim‚.vmda
1253 845 1388 934 fuerit
1444 849 1596 963 Neque
1621 849 1817 964 defatiget..

333 1054 334 1063 t
364 973 527 1088 quamdo
547 968 660 1054 illatae
678 966 858 1063 fuerunt,
874 970 914 1052 in
932 961 1090 1076 locum?
1108 988 1175 1050 tur
1197 963 1426 1074 imaginatio
1453 983 1577 1077 atque
1598 969 1818 1066 memoria,

322 1113 325 1120 ·
365 1080 569 1204 premislae
593 1081 847 1167 tllumuntur
880 1083 922 1164 in
948 1064 1305 1216 sylla-{quatenus
1330 1071 1604 1163 conclusiones
1631 1073 1818 1190 syllogis-

365 1198 693 1312 gismoproxime
710 1193 1069 1307 sequentequem-
1109 1212 1275 1273 morum
1300 1189 1548 1276 anteriorum
1573 1191 1816 1292 retinendae,

367 1311 589 1398 admodum
605 1310 646 1390 in
656 1305 842 1421 exemplo
860 1307 995 1416 primo
1012 1297 1070 1387 ft·
1110 1323 1321 1388 uteorum
1352 1325 1545 1410 prompte
1580 1307 1817 1392 memineri-

367 1413 479 1512 ilum¹
509 1419 586 1506 elle
613 1442 777 1532 apparet
793 1448 897 1504 num.
917 1415 1003 1510 l&
1022 1414 1070 1499 11.
1112 1437 1230 1508 mus,
1286 1411 1387 1499 dum
1416 1415 1457 1499 in
1481 1411 1733 1542 syllogismos
1759 1417 1822 1504 se.

368 1543 521 1640 (239.
540 1533 615 1642 )&
632 1529 863 1644 inpr'aesenti
878 1559 986 1628 num.
999 1527 1069 1613 lV.
1108 1545 1277 1640 quentes
1303 1522 1623 1623 introducendo,
1653 1555 1750 1614 cum
1769 1559 1818 1618 o-

369 1657 418 1743 &
440 1646 531 1739 Vll
591 1642 813 1729 Enimvero
847 1639 1069 1727 srdemon-
1108 1635 1345 1734 calisium,
1369 1637 1743 1750 quaedistinslescu'
1795 1671 1816 1733 t

367 1759 502 1848 stratio
520 1753 737 1870 symbolice
753 1755 1071 1868 rep'raesentetur,
1109 1776 1356 1845 cernuntur,
1400 1749 1602 1840 conversis
1640 1749 1709 1840 sua
1754 1756 1818 1846 ese

367 1870 540 1988 gradum
558 1865 794 1954 silerelicet
817 1871 859 1953 in
887 1865 1071 1980 lingulis,
1109 1862 1250 1976 sponte
1268 1863 1418 1958 sistant,
1435 1867 1820 1982 quamprimumea⁴

329 2079 332 2084 ,
369 2001 462 2096 quae
508 1980 703 2094 figillatim
744 1979 920 2094 expressa
959 1978 1074 2066 exhi-
1111 1976 1284 2064 rundem
1323 1976 1553 2064 meminisse
1601 1979 1815 2070 debemus.

372 2098 544 2191 bentur,
601 2103 649 2188 δι
683 2119 928 2208 quacunque
980 2117 1070 2178 mo-
1109 2091 1154 2175 N
1209 2117 1262 2175 ue
1281 2089 1559 2178 etiamhaestas
1582 2094 1814 2208 ineo‚qu0-

363 2237 412 2297 ra
433 2206 660 2321 interpofita
686 2204 871 2292 redeunti
899 2231 1068 2319 progre-
1109 2117 1236 2288 mido
1256 2200 1603 2316 progrediendum
1621 2205 1667 2293 fit
1684 2211 1725 2294 in
1743 2207 1818 2295 de-

367 2323 411 2410 di
428 2321 568 2418 datur,
600 2319 686 2406 acfi
706 2318 815 2406 nulla
841 2319 1071 2432 interpofita
1110 2315 1420 2412 monstratione,
1460 2315 1591 2406 donec
1634 2317 1818 2410 absolva-

368 2433 515 2524 fuilset.
582 2432 908 2546 Quemcunque
946 2434 1071 2544 igitur
1110 2449 1191 2515 tur.
1248 2427 1407 2514 Etenim
1442 2428 1647 2517 clariffime
1677 2433 1817 2532 vides,

366 2545 489 2636 fiterlt
530 2549 832 2633 ratiociniorum
863 2570 913 2652 ep
938 2569 1089 2708 usquey
1112 2545 1292 2654 primum
1319 2538 1486 2628 formari
1520 2542 1821 2658 proportiones

368 2657 737 2748 continuandorum
769 2653 907 2744 series.
937 2654 1068 2740 donoc
1109 2658 1232 2750 eutis,
1260 2655 1452 2766 quaeinh
1482 2656 1714 2855 forhefislm
1742 2661 1820 2748 ubi

308 2809 309 2816 Ν
362 2775 623 2892 perveniatur
632 2767 681 2857 ad
690 2795 764 2862 ea,
793 2713 1090 2912 quautam-1
1110 2794 1253 2855 canon
1273 2765 1417 2856 sufficit
1439 2683 1539 2867 tia,
1564 2773 1817 2886 inpraepara-

367 2879 721 2986 strandafuerant3
752 2905 834 2964 non
852 2880 1066 2967 tamende-
1109 2882 1457 2977 tionesumuntur,
1486 2882 1691 2971 utadscitis
1731 2890 1818 2974 rin·

365 2995 600 3102 fatigabitur
616 2993 1065 3084 animusretiocinatiorti
1110 2997 1223 3104 cipiis
1261 3017 1310 3080 ex
1334 2997 1601 3084 anterioribus
1635 3002 1648 3082 i
1696 3025 1816 3088 eran·

365 3112 408 3194 in
425 3107 546 3305 longa
571 3104 669 3192 serie
694 3108 974 3194 continuandae
992 3111 1067 3191 mi-
1106 3133 1175 3191 tur
1198 3105 1492 3205 conclusiones,
1520 3109 1651 3198 donec
1672 3111 1811 3224 hypo-
1858 3129 1861 3134 ‘

365 3217 489 3310 nus'a
520 3217 663 3305 suetus.
718 3217 810 3303 Nec
837 3219 1068 3308 distrahitur
1110 3217 1228 3306 thess
1258 3225 1563 3336 &preparatio
1595 3225 1718 3312 luerit
1739 3251 1811 3313 ex·

362 3337 542 3427 enimus,
570 3357 820 3445 quocunque
838 3330 1008 3418 durante
1024 3333 1071 3417 il·
1108 3331 1257 3419 hausta.
1310 3333 1355 3419 ln
1380 3333 1515 3421 locum
1541 3335 1815 3451 hypotheseos

302 3449 317 3460 “
365 3447 427 3544 le,
452 3471 574 3556 quam
587 3453 843 3556 interponere
859 3444 988 3531 visum
998 3447 1067 3543 eil,
1108 3453 1156 3539 &
1181 3449 1478 3560 praeparationis
1502 3449 1647 3535 deinde
1673 3451 1811 3538 succe-

364 3585 480 3648 mora
505 3559 765 3670 cogitationes
787 3581 875 3641 tuas
893 3583 1066 3644 conver-
1109 3557 1214 3644 dunt
1230 3559 1504 3678 conclufiones
1519 3561 1723 3676 hocpaslo
1739 3567 1809 3652 eli·

361 3695 432 3761 tas.
490 3671 591 3756 Non
609 3669 1065 3779 interrumpituretdem
1108 3673 1214 3766 citae,
1244 3679 1292 3768 δι
1314 3675 1526 3786 quomodo
1548 3679 1813 3766 introducen-

209 3799 213 3807 ’
362 3785 547 3878 tittent‘io,
576 3809 666 3895 quae
684 3779 733 3866 ad
757 3779 1062 3869 demonstratio·
1109 3781 1170 3869 dae
1203 3781 1278 3869 lint
1300 3789 1340 3870 in
1376 3811 1507 3876 novos
1541 3787 1814 3902 syllogismos,

364 3917 459 3982 nem
491 3890 710 3987 afferenda,
739 3917 790 3977 ne
813 3890 911 3979 defit
929 3893 1061 3982 sensus
1106 3921 1194 3983 tum
1221 3895 1359 3992 thefis,
1387 3923 1478 4012 quae
1506 3901 1814 3995 demonstrande

346 4001 952 4095 'eudenttaetdconvifflonem
1006 4009 1060 4093 le·
1107 4009 1233 4094 oculis
1276 4007 1438 4121 objicit,
1487 4037 1575 4100 tum
1614 4021 1813 4104 memoris

231 4115 250 4132 ⁸
361 4121 512 4208 nariam
537 4115 759 4227 tequffitus.
809 4117 940 4204 Immo
963 4034 1064 4207 'dhus
1107 4123 1423 4235 principiorum,
1453 4151 1545 4238 quae
1572 4127 1812 4217 conseclus

172 4359 176 4366 ι
244 4306 253 4318 .
359 4235 518 4332 omnia,
547 4228 597 4320 ad
620 4255 713 4344 quae
734 4231 893 4321 enimus
914 4231 1065 4344 'adum-
1109 4233 1495 4338 concussum&
1520 4245 1565 4332 in
1589 4157 1699 4334 aed.
1713 4267 1814 4330 con·

942 4383 957 4408 ·'
1723 4377 1813 4453 tene,
