3836 5030
236 469 239 472 ·
362 379 449 471 ¹92
656 318 750 467 cop.
775 351 813 432 Ι.
841 311 1087 458 De'diversts
1105 335 1516 460 cognitionirgrudibus
1549 335 1553 338 ’

348 551 476 636 quam
510 523 559 612 ad
595 519 974 610 demonstrationem
998 511 1060 600 di·
1098 515 1294 622 nolueris3
1323 501 1814 604 demonstrationibusan-

352 637 493 728 stinile
533 632 832 750 percipiendam
879 633 1063 714 animum
1100 626 1812 737 teutendumelimechanicisquam

1770 347 1779 360 ’
1912 361 1914 426 l

227 826 233 836 ·
354 743 1059 978 llnlndlllllthlhh
1100 737 1816 967 {l,tn,llil,illhllil¹ll;
1914 823 1915 894 ³

353 1005 380 1067 o
458 1005 480 1064 a
509 976 718 1088 acquirere
752 966 903 1062 studet,
932 975 980 1060 δι
1014 991 1060 1050 ea
1099 963 1401 1081 operationibus
1423 961 1698 1054 absolvuntur.

355 1088 770 1190 oservaretenetur,
798 1107 890 1194 quae
907 1078 959 1166 de
975 1079 1059 1191 pri-
1540 1149 1546 1154 .
1643 1190 1651 1200 .

356 1198 749 1291 moinculcavimus,
778 1201 825 1289 δι
847 1191 977 1278 facere
994 1217 1061 1286 eo,
1151 1199 1180 1290 §t
1210 1213 1277 1301 32.
1306 1186 1419 1304 Qid
1448 1185 1496 1276 ht
1516 1186 1813 1280 demonstratio

196 1321 201 1329 “
358 1341 450 1432 quae
467 1313 521 1402 de
536 1309 714 1408 sectando
731 1307 811 1421 jam
831 1305 1035 1397 addemus,
1099 1303 1350 1400 mechanica,
1378 1306 1420 1390 in
1450 1300 1606 1404 Lexico
1637 1301 1814 1392 Mathe-

1100 1421 1242 1506 metica
1250 1416 1476 1502 docuimus,
1490 1413 1701 1526 Nimirum
1709 1413 1813 1526 jux-
1915 1459 1916 1522 q

366 1603 372 1616 ·
422 1535 465 1652 §.
480 1561 546 1650 31.
560 1533 1062 1626 Demonstrationesexra·
1101 1525 1392 1642 tahypothefin
1425 1527 1683 1616 theorematis
1702 1553 1812 1617 eon·
1915 1547 1916 1602 :

359 1655 530 1742 tiocioiis
548 1671 742 1736 contextae
756 1641 847 1730 sunt
863 1670 912 1730 eo
935 1639 1062 1728 modo
1099 1643 1310 1728 struuntur
1333 1639 1496 1753 figurat,
1525 1665 1611 1754 quo
1633 1637 1739 1736 fabio
1758 1670 1810 1730 ea

357 1766 462 1852 inter
478 1759 517 1850 se
545 1761 830 1853 concatenatis,
860 1779 984 1870 quem
1000 1756 1061 1840 in·
1102 1753 1532 1850 unadcterminantut,
1559 1752 1809 1865 quaeintbe-

358 1875 517 1988 Logica·
542 1872 612 1982 (5.
630 1897 724 1979 551.
749 1877 797 1964 δε
826 1867 959 1980 seqq.)
977 1865 1064 1954 l'atis
1101 1865 1425 1962 ficontinentur,
1450 1863 1519 1952 seu
1541 1866 1584 1952 vi
1618 1865 1809 1962 illorum,

361 1987 579 2103 perspicue
592 1985 878 2096 explicavimus
898 1989 946 2074 δι
964 2005 1061 2066 mox
1100 2005 1190 2090 qua·
1205 1982 1247 2064 in
1274 1975 1487 2092 hypothesi
1512 1976 1730 2066 sumuntur
1752 1979 1812 2068 de

186 2193 190 2202 ,
359 2101 529 2188 uberius
546 2095 713 2204 dicenda
739 2092 910 2182 reddent
934 2094 1061 2178 mani·
1077 2047 1296 2202 'subitum
1346 2090 1479 2178 eidem
1513 2091 1809 2178 attribuuntur.
1916 2139 1917 2144 κ

361 2209 521 2300 festum.
604 2208 887 2300 Ratiocinatio,
945 2206 1061 2290 tertia
1099 2203 1381 2312 Quamobrem
1397 2227 1497 2292 num
1515 2229 1584 2299 ea,
1611 2229 1704 2315 que
1722 2231 1808 2294 una
1916 2209 1917 2220 '

360 2327 506 2414 mentis
524 2321 593 2410 leu
610 2317 832 2408 intellelius
857 2321 1062 2432 operatio,
1100 2316 1437 2414 determinantur,
1453 2315 1542 2404 talia
1559 2315 1806 2430 finnopein-

359 2435 536 2526 involvit
562 2437 660 2524 duas
685 2437 860 2546 priores,
894 2433 1064 2542 primam
1081 2469 1087 2548 q
1102 2432 1418 2517 strumentorum
1432 2429 1701 2530 examinanda,
1744 2430 1806 2518 Sit

204 2640 206 2650 ,
363 2575 485 2662 atquo
503 2546 731 2640 secundam,
747 2541 1082 2648 notionemscillq
1102 2542 1274 2654 exempli
1289 2543 1385 2629 loco
1394 2542 1601 2630 theorema
1613 2556 1677 2646 18,
1687 2543 1807 2632 Geo-

361 2655 1081 2904 nnnnlnnnnun
1101 2657 1360 2881 trualt
1392 2656 1714 2882 eanum
1732 2655 1806 2878 u.

236 2964 239 2984 ,
362 2886 427 2972 lus
460 2881 632 2976 scilicet,
673 2880 971 2991 imaginationis
1005 2881 1222 3004 πῃπῇ),
1250 2880 1396 2968 scilicet
1427 2880 1651 2992 stangulus
1696 2907 1809 2968 unus

362 3021 444 3107 que
482 2993 714 3088 memoriae,
756 3001 804 3086 δι
846 2991 893 3078 iis
919 2994 1059 3080 animae
1076 3005 1081 3120 l
1097 2991 1285 3104 trianguli
1307 2996 1427 3079 unius
1444 2989 1488 3078 lit
1503 2991 1810 3108 aequalisangu-

246 3187 252 3194 .
361 3105 536 3202 aclibus,
566 3131 640 3224 per
667 3129 773 3217 quos
799 3101 843 3190 ht
875 3102 1139 3259 transitusqlo
1165 3108 1236 3192 uni
1256 3103 1444 3218 trianguli
1461 3105 1684 3200 alterius&
1707 3106 1808 3199 late-

360 3219 411 3308 ab
445 3215 520 3308 usu
552 3216 787 3305 facultatum
818 3211 1060 3304 inferiorum
1101 3243 1143 3304 rt
1185 3216 1568 3331 comprehendentia
1605 3218 1807 3330 angulum

358 3330 411 3422 ad
433 3330 554 3421 usum
571 3329 848 3442 superiorum,
876 3330 1061 3418 attentio·
1096 3329 1215 3415 istum
1233 3333 1274 3416 in
1289 3337 1372 3418 uno
1388 3330 1590 3442 triangulo
1606 3330 1682 3417 sant
1698 3331 1808 3446 sigil-

359 3473 411 3534 ne
432 3445 627 3533 nimirum
657 3465 778 3557 atque
822 3440 1059 3531 reflexione:
1100 3443 1210 3530 latim
1228 3443 1392 3555 aequalia
1409 3443 1601 3530 lateribus
1616 3463 1807 3559 compre-

363 3585 455 3672 quae
490 3555 641 3645 denno·
661 3581 884 3754 parumper
906 3559 1063 3644 attentis
1101 3556 1371 3664 hendentibus
1396 3555 1592 3670 angulum
1616 3559 1660 3642 in
1676 3557 1803 3648 mero

362 3669 413 3759 ad
428 3669 632 3785 sequentia
646 3665 795 3756 monife
830 3665 1063 3767 aevadent,
1104 3669 1327 3786 triangulo,
1355 3671 1595 3783 quodetiam
1611 3668 1807 3758 latuster·

360 3779 486 3870 modo
508 3781 743 3870 facultatum
774 3781 915 3868 animae
927 3785 1062 3869 notio-
1103 3784 1205 3870 tium
1236 3783 1357 3870 unius
1387 3783 1460 3872 tria
1548 3780 1574 3868 li
1600 3782 1647 3868 stt
1670 3809 1809 3900 aequa-

177 3962 180 3968 -
360 3919 432 3986 tres
467 3919 515 3982 ex
557 3892 753 4008 Psycholo
783 3896 820 3979 ia
848 3891 1064 3982 habuerint
1103 3893 1143 3980 le
1167 3891 1279 3982 lateri
1314 3898 1433 3983 tertio
1475 3896 1657 3996 aremus,
1692 3895 1810 4011 quod

359 4003 596 4121 perspeclrs.
637 4006 736 4119 Quo
767 4008 909 4118 strigo
933 4033 955 4094 o
981 4009 1065 4120 pti-
1102 4005 1188 4140 dno
1204 4007 1339 4120 anguli
1361 4006 1509 4124 reliqui
1526 4013 1648 4096 unios
1665 4009 1739 4096 sint
1758 4009 1809 4096 fi-

361 4145 431 4206 mo
473 4124 712 4234 cognitionis
750 4119 883 4234 gradu
913 4117 981 4208 ad.
1004 4119 1063 4208 se-
1099 4122 1273 4320 pillarim·
1291 4120 1463 4236 aquales
1489 4121 1657 4256 duobus
1679 4137 1811 4237 augu-

356 4231 547 4328 cundum
566 4261 641 4348 per
674 4232 816 4331 suun
849 4227 1063 4360 ascendere
1116 4235 1345 4332 astiteritis,
1372 4232 1494 4349 quod
1502 4257 1592 4354 tuta
1602 4235 1812 4352 triangula

1671 4348 1817 4461 ae‘qoa-
