3872 5030
424 211 512 340 416
551 298 554 307 »
803 175 895 356 Cep.
927 249 972 331 7.
1003 247 1067 330 De
1088 243 1212 336 Min
1232 169 1486 344 Mechmim

420 429 602 526 addiscit,
620 395 868 518 definitiones
886 458 932 518 ac
963 433 1122 520 theore-
1163 451 1238 532 nec
1257 399 1839 528 ineadem'dtmonstrationibus

419 567 523 632 matt
542 543 594 628 de
610 567 725 627 motu
743 549 791 635 δι
812 541 1050 654 aequiiibrio.
1062 543 1125 628 so·
1164 540 1417 648 geometricis
1434 537 1595 652 semper
1611 543 1839 659 supersedere

249 731 253 740 ,
418 653 598 742 lidorum
614 655 775 766 cognita
791 655 1123 769 atquepetspesia
1164 651 1276 746 iicet,
1314 651 1382 737 ets
1412 659 1686 763 cognitionem
1714 661 1841 750 marite·
1891 680 1892 760 i

418 767 490 854 fibi
510 765 681 852 reddere
696 765 830 859 debet.
857 855 858 860 a
887 765 1124 880 ondstde-
1164 767 1385 850 maricamt
1412 763 1687 880 philosophica
1710 773 1838 886 separa·
1891 791 1892 794 ‘

415 878 722 990 monstrationet
745 875 988 968 difficiliores
1009 880 1122 977 vide·
1161 877 1280 961 veris.
1330 871 1526 964 (loretum
1541 904 1625 966 non
1647 883 1779 972 inutiie
1796 885 1838 974 eii

274 1061 278 1070 .
414 1012 739 1106 antur-,quamut
754 1016 818 1078 eas
835 994 1119 1106 caperepoffit‚
1159 992 1362 1101 praecipua
1374 986 1622 1078 theoremata
1637 995 1837 1084 mechania

131 1103 137 1113 '
293 1181 304 1190 .
415 1105 479 1194 vei
502 1104 529 1189 fi
551 1119 706 1190 tantum
742 1107 936 1214 temporis
959 1110 1118 1218 impen-
1157 1103 1197 1184 in
1215 1125 1360 1184 eorum
1387 1102 1581 1210 gratiam,
1597 1110 1668 1218 qni
1691 1107 1835 1194 demon·

413 1217 649 1312 detenuit,
668 1239 866 1327 quantum
883 1219 1116 1330 iispercipi-
1156 1213 1834 1332 sirationescapereveinonpoiiunt

411 1331 523 1466 endis
544 1327 707 1434 sufficit3
737 1326 824 1416 satis
840 1329 976 1463 erittfi
992 1330 1115 1463 irino
1156 1322 1220 1410 vei
1240 1323 1408 1456 nolunt,
1441 1335 1724 1458 experimentis
1743 1359 1832 1419 con·

355 1531 357 1539 ,
407 1469 534 1534 rrcam
565 1442 699 1528 saitem
736 1467 1010 1556 cognitionem
1044 1443 1113 1530 fibi
1154 1436 1341 1567 prodant,
1375 1459 1423 1524 ut
1459 1445 1829 1558 veritatemapose·
1892 1495 1893 1524 t

251 1553 254 1560 ’
409 1554 662 1668 acquiscerit
700 1557 742 1638 in
788 1580 838 1640 eo
872 1558 1114 1669 cognitionis
1147 1555 1263 1635 riori¹
1282 1545 1514 1682 agnoscant,
1546 1579 1708 1666 quama
1729 1555 1826 1668 priori

407 1668 539 1784 gradu
555 1665 827 1775 acquiescens,
849 1687 972 1780 quern
995 1665 1113 1782 supra
1151 1660 1365 1772 agnoscere
1407 1664 1576 1751 minime
1622 1666 1771 1754 valent:
1794 1665 1825 1752 id
1892 1727 1893 1762 t

407 1784 590 1898 primurn
627 1779 813 1866 diximus.
876 1777 1054 1888 Qtando
1070 1807 1111 1865 e·
1152 1772 1266 1886 quod
1284 1777 1325 1858 in
1340 1771 1504 1885 Phyfica
1524 1799 1638 1866 tanto
1656 1785 1770 1892 magis
1787 1777 1827 1863 ia·

220 1955 223 1962 ·
405 1893 698 2005 nimprincipia
717 1889 1113 2004 mechanicainPhy-
1151 1884 1313 1982 etfacit,
1333 1910 1486 2000 quanto
1509 1888 1632 2001 piura
1655 1897 1694 1980 in
1714 1891 1824 1979 eaden

408 2005 482 2096 fica
499 2005 1112 2118 applicantur‚nontttentaae·
1150 1997 1377 2086 assumenda
1403 1996 1495 2086 sunt
1520 2001 1677 2090 nonnisi
1699 2001 1825 2117 experi·

405 2119 693 2208 monstratione
730 2113 971 2224 1’[ιιιιιιιιιιιιι
1028 2139 1113 2205 tan·
1149 2115 1265 2199 entiae
1297 2108 1388 2196 fide.
1446 2111 1621 2203 Prosunt
1638 2137 1824 2204 autemut·
1893 2119 1894 2130 '

406 2257 530 2348 quom
551 2255 668 2323 vera,
691 2225 789 2318 adeo
852 2255 874 2316 e
893 2227 1027 2340 quoad
1043 2254 1114 2338 tp·
1147 2224 1370 2336 perimente
1387 2225 1619 2315 mechanica
1638 2227 1822 2316 etiamMa·

404 2345 660 2460 plicationem
676 2345 793 2456 potin
821 2339 1027 2434 eesttfive
1042 2343 1115 2428 de·
1149 2335 1392 2444 thematicis,
1410 2361 1458 2430 ut
1479 2341 1634 2428 constet
1659 2344 1708 2430 de
1728 2345 1820 2426 ratio·

403 2457 733 2548 monstrationem
759 2455 896 2542 animo
921 2397 1130 2570 comprovd
1148 2452 1207 2560 nis
1241 2473 1338 2534 cum
1374 2457 1621 2562 experientia
1638 2449 1818 2566 consensu,

391 2569 605 2663 henderit,
619 2565 1106 2680 fiteeamnonattigeris'.
1147 2585 1341 2674 tantoque
1359 2567 1486 2675 magia
1512 2565 1755 2684 expiorttom
1775 2561 1817 2656 in

400 2684 516 2774 Abfit
530 2702 740 2778 autemut
755 2683 846 2791 quis
862 2677 932 2763 fini
948 2677 1110 2792 persua·
1145 2673 1258 2788 quod
1277 2675 1547 2778 ratiocinando
1563 2685 1755 2770 veritatem
1766 2669 1817 2764 fii·

401 2797 515 2890 deae,
557 2817 634 2880 nos
680 2789 972 2902 Phiiosophum
996 2789 1107 2878 ade·
1144 2789 1248 2872 erint
1265 2783 1432 2873 assecuti.
1463 2788 1620 2878 Eadem
1642 2811 1816 2880 commen·
1894 2805 1895 2838 ι

399 2904 756 2994 monstrationibus
818 2897 1104 2990 mathematicis
1144 2895 1546 3014 dandasuntiistqui
1571 2897 1810 3016 soiampnxin

399 3045 539 3114 arcere
581 3015 708 3108 velie,
747 3039 846 3210 puts
872 3039 956 3102 non
976 3011 1103 3110 modo
1141 3009 1389 3098 Methanicae
1432 3040 1598 3118 curant,
1621 3045 1671 3105 ne
1689 3003 1811 3102 inred-

215 3129 217 3136 '
398 3128 623 3220 necessarias
647 3151 750 3239 agno
768 3127 916 3221 cimus,
943 3152 995 3213 ne
1021 3126 1107 3215 stne
1139 3122 1812 3230 dendisrationibussumeretenear

394 3241 649 3332 convieiione
665 3251 858 3352 tanquam
880 3241 1098 3330 verumsu'-
1139 3261 1226 3329 tor,
1249 3234 1328 3320 soia
1346 3243 1565 3328 autoritate
1601 3244 1716 3330 aiient
1739 3254 1808 3320 con

392 3379 498 3448 mas.
515 3351 629 3468 quod
647 3351 697 3437 ad
712 3349 958 3438 reddendam
978 3356 1098 3440 ratio·
1137 3347 1213 3442 fist,
1229 3372 1321 3459 quae
1337 3348 1451 3438 nuile
1472 3353 1600 3443 modo
1627 3381 1714 3443 vera
1733 3365 1808 3461 pei·

392 3496 487 3558 nem
538 3465 902 3580 phenomenorum
944 3485 1096 3550 naturae
1134 3459 1318 3576 spiciunt.

388 3580 585 3695 applicas,
610 3573 901 3686 consequenter
919 3599 966 3663 ut
988 3600 1095 3663 certa
1259 3672 1263 3681 ,
1302 3591 1309 3594 ’

392 3699 463 3782 tibi
484 3693 529 3778 fit
545 3713 682 3778 rerum
696 3687 936 3773 naturaiium
954 3692 1091 3800 cogni·
1190 3683 1229 3792 S.
1250 3708 1348 3798 259·
1379 3683 1462 3798 Qti
1481 3687 1530 3776 ad
1547 3685 1735 3778 Mathcin
1754 3676 1804 3767 su·

389 3811 469 3909 tio;
499 3800 786 3890 verumetiam
812 3803 905 3912 quia
932 3799 1094 3886 habitus
1133 3795 1360 3886 blimiorem
1379 3801 1596 3915 adspirant,
1621 3807 1664 3890 iis
1687 3789 1803 3910 inpri

390 3913 686 4004 demonstrandi
712 3917 821 3998 omni
848 3913 974 3998 modo
1030 3937 1093 3998 er·
1133 3913 1208 3998 mis
1223 3913 1541 4002 commendanda
1556 3917 1664 4010 sunt,
1678 3935 1758 4021 qua
1769 3902 1825 3983 in·

376 4028 583 4116 -ficiendus
603 4031 651 4114 ad
674 4021 784 4112 recia
807 3939 1090 4136 philosopdan-
1129 4032 1260 4137 capite
1276 4025 1551 4140 primatisque
1564 4027 1800 4136 ati-decimum

386 4143 489 4246 dum
506 4143 549 4280 in
563 4135 729 4252 Pnynca
744 4137 947 4238 conducit,
965 4148 1092 4230 immo
1133 4161 1324 4249 quartum
1373 4137 1567 4233 inclusive
1617 4137 1631 4226 i
1681 4145 1800 4347 unffi·

1112 4279 1116 4285 ’
1257 4263 1260 4268 ’
1688 4263 1752 4338 teti
1778 4321 1794 4345 ·.
