3880 5032
381 283 520 366 -520
687 250 721 269 ’“
787 259 878 371 (ap.
888 255 961 337 XI·
988 254 1050 338 De
1063 251 1186 360 fludio
1198 255 1474 364 Pyranthum,
1612 345 1616 356 ,

449 391 1836 426 Μ

444 481 538 544 rnm
556 445 685 538 etiam'
697 442 907 557 quomodo
919 446 958 527 in
977 437 1147 550 discipli·
1161 451 1169 593 p
1182 437 1346 552 prorsus
1361 436 1580 523 deessemus
1598 439 1726 525 leclori
1735 444 1774 528 ad
1783 473 1843 532 ter-

447 571 507 654 nis
525 559 706 676 presbicls
723 551 982 646 versandum,
1001 575 1048 634 nt
1065 548 1150 632 litis
1184 557 1286 635 tium
1327 551 1566 656 cognitionis
1609 552 1766 660 gradum
1794 559 1844 640 ad·

449 679 677 786 adaquatos
694 599 1366 784 nanciscerisideanquae'spiranti,
1385 685 1430 743 ea
1446 658 1694 755 tradidimus,
1721 670 1796 774 qua
1810 667 1844 750 ad

336 816 338 824 ·
451 788 562 900 praxi
613 778 827 867 sufficiunt.
880 775 979 860 Satis
1015 795 1148 858 autem
1187 774 1314 858 ideam
1344 767 1545 882 quandam
1575 769 1692 879 hujus
1719 775 1799 860 labli
1817 805 1846 861 a·

445 898 650 1006 adaequata
684 886 882 982 est,s1in
910 912 956 969 ea
979 787 1299 994 fingulm'nimo
1328 879 1629 991 concipiendam
1661 883 1847 984 sufficiunt,

449 1035 539 1122 quae
566 1005 650 1089 fieti
682 1000 849 1091 debent,
883 987 1444 1130 determinem-[profuturam
1470 995 1537 1084 iis,
1565 997 1689 1104 quiin
1710 996 1783 1080 aliis
1805 1000 1846 1082 di·

300 1173 309 1180 -
449 1146 540 1213 tur,
562 1107 910 1228 quemadmodum
936 1131 985 1189 ex
1009 1102 1357 1214 troila-¹1'ciplinis
1402 1100 1583 1214 prablicis
1634 1105 1846 1196 Architellot

450 1235 561 1325 tione
585 1221 877 1316 Architecturae
900 1215 1083 1300 militaris
1109 1239 1149 1296 a·
1187 1217 1374 1301 militares
1404 1239 1486 1300 oon
1525 1209 1730 1302 infeliciter
1755 1223 1847 1308 imita

445 1337 589 1429 bunde
607 1325 949 1424 elucescit‚modo
968 1325 1150 1411 attentio·
1186 1329 1220 1412 ri
1245 1323 1461 1411 voluerint·
1508 1325 1612 1410 Non
1627 1327 1698 1414 alia
1719 1327 1796 1414 saue
1813 1333 1846 1418 de

450 1475 545 1539 nem
569 1470 678 1547 tuam
707 1446 748 1528 in
776 1466 822 1526 ca
845 1437 1053 1528 deonerari
1074 1436 1149 1520 nri·
1188 1435 1301 1523 causa
1345 1433 1604 1548 exposuimus
1647 1437 1845 1528 methodum
1897 1464 1898 1487 ³

446 1565 558 1657 nime
581 1557 749 1670 patiaris.
789 1549 975 1636 'Diversae
1003 1547 1151 1632 dantur
1188 1549 1396 1634 muniendi
1423 1546 1654 1658 Belgicam,
1683 1575 1847 1665 ututpro

380 1755 384 1774 ,
448 1665 656 1761 muniendi
683 1661 845 1764 sormae3
869 1658 958 1753 sed,
985 1658 1056 1743 ubi
1088 1683 1151 1742 eas
1182 1685 1279 1770 pter
1307 1656 1508 1755 defessus,
1537 1661 1688 1772 quibus
1714 1665 1846 1756 laborat.

450 1785 560 1896 juxta
579 1777 773 1892 principia
806 1775 848 1855 in
872 1773 1000 1880 capite
1017 1769 1150 1880 primo
1189 1769 1311 1855 hodie
1333 1774 1597 1882 antiquarum,
1612 1773 1847 1860 utnulliusu-

450 1885 888 2008 propofite‘examines,
906 1906 989 1990 non
1010 1903 1151 1965 omnes
1185 1881 1250 1967 sus
1273 1880 1575 1980 eslevideatur,
1604 1884 1675 1972 nisi
1692 1910 1847 1998 quatenus

449 2026 548 2092 cum
564 1991 1001 2110 iisaequeconsentiunt.
1030 1989 1152 2076 Unde
1187 1991 1319 2078 adhuc
1350 2015 1484 2080 extent
1510 1999 1754 2084 munimenta
1775 1999 1847 2082 bere

449 2116 534 2202 aliae
553 2109 634 2197 aliis
651 2130 839 2216 tanquam
857 2104 1152 2213 melioresprae·
1186 2105 1320 2190 multa·
1342 2102 1417 2188 hac
1435 2105 1633 2192 methodo
1652 2107 1848 2202 coulltulln

274 2309 278 2320 ,
447 2225 654 2316 struatur.
724 2217 855 2304 Docet
889 2237 1023 2302 autem
1054 2237 1150 2323 pto-.-
1185 2213 1396 2308 &iisdem
1420 2213 1700 2326 subjunximus
1727 2220 1848 2306 metho-

383 2399 384 2404 a
447 2334 602 2452 gressus
648 2327 937 2418 Architcclutae
959 2325 1166 2418 militaris
1186 2326 1260 2415 dos
1276 2326 1484 2416 muniendi
1494 2327 1721 2419 Gallorum.
1769 2330 1849 2416 Con·

353 2478 356 2483 ·
447 2445 564 2560 quod
581 2445 713 2555 primo
737 2442 909 2525 inventae
940 2433 1148 2521 muniendi
1187 2438 1259 2525 stat
1304 2439 1413 2525 enim
1454 2441 1630 2532 munem
1678 2439 1848 2530 muniendi

245 2599 261 2608 -·
369 2605 374 2610 -
448 2561 592 2646 sormae
629 2546 851 2638 defeslibus
893 2546 1044 2633 suerint
1073 2545 1147 2630 ob-
1186 2545 1382 2661 Belgicam
1392 2554 1848 2666 tanquamomniumoptl·

449 2670 599 2761 noxiae,
626 2688 732 2776 quos
765 2660 1007 2772 experientia
1039 2657 1151 2743 dete·
1184 2687 1291 2746 mam
1308 2661 1544 2751 celebratam
1562 2661 1696 2764 sitisse,
1713 2667 1788 2780 ejus
1801 2689 1848 2750 tu·

448 2783 527 2872 xlt‘,
554 2779 735 2888 primum
778 2773 829 2855 ab
871 2769 1149 2855 inventoribus
1187 2797 1269 2859 tem
1309 2775 1430 2859 naevis
1456 2777 1753 2874 animadverso,
1778 2773 1847 2862 Gal·

451 2915 535 2976 non
551 2883 850 2977 animadversas,
863 2884 909 2965 iis
918 2903 1053 2965 autem
1064 2905 1152 2963 me·
1187 2885 1249 2971 los
1280 2887 1460 2996 primum
1533 2887 1715 2989 ublicalse
1733 2885 1847 2974 formu

450 3001 536 3089 deri
555 2993 803 3086 studuerint,
831 2994 900 3102 qui
911 2992 1150 3077 recentiores
1186 2995 1296 3090 alias,
1323 2996 1480 3108 qulbus*
1503 2913 1609 3086 bisce
1627 2999 1773 3088 mederi
1787 3023 1848 3086 ten·

450 3109 743 3216 excogitarunt.
791 3099 875 3188 Etsi
892 3104 933 3186 in
953 3098 1071 3192 usum
1088 3126 1149 3186 ar·
1187 3131 1335 3193 terunt·
1364 3104 1556 3198 Ceterum
1568 3109 1848 3226 applicatioTri·

434 3224 501 3330 ¹tis
528 3213 756 3323 inveniendi
774 3237 857 3300 non
873 3211 1014 3298 inutile
1030 3211 1149 3308 soret,
1186 3221 1449 3327 gonometrlae
1480 3222 1529 3308 ed
1563 3222 1847 3311 Architellum

451 3357 501 3426 eo
517 3327 597 3414 line
614 3321 841 3439 expendere
868 3325 1149 3409 omnesmunl·
1187 3327 1398 3416 militarem
1425 3334 1466 3416 in
1493 3331 1610 3420 usum
1626 3339 1725 3422 tertii
1741 3333 1847 3443 cogni·

449 3438 544 3528 endi
595 3433 763 3531 formas.
819 3459 911 3546 quae
958 3432 1150 3520 hellenus
1187 3439 1614 3550 tionispgrrdnsetiam
1629 3445 1789 3559 diguam
1808 3463 1848 3526 at·

450 3549 601 3666 publici
628 3545 726 3657 jutis
753 3541 886 3639 sabim
905 3553 954 3637 δι
982 3543 1149 3655 quidem
1189 3553 1407 3636 tentionem
1432 3579 1728 3653 metetur,non
1751 3549 1845 3640 modo

450 3689 500 3750 eo
517 3659 681 3754 ordine,
694 3681 779 3770 quo
796 3655 876 3742 luci
892 3655 1065 3767 publlcae
1081 3679 1149 3740 ex·
1187 3659 1300 3773 quod
1343 3659 1424 3748 hoc
1466 3663 1553 3776 ipso
1601 3666 1848 3754 confirmetur,

449 3771 585 3904 posttae
611 3765 805 3872 fuerunt3
849 3765 973 3852 nostri
1016 3787 1148 3866 temen
1188 3769 1302 3884 quod
1327 3773 1370 3857 in
1396 3795 1481 3860 arte
1502 3777 1724 3867 inveniendi
1739 3777 1847 3861 locun

316 3967 317 3970 γ
450 3883 616 3968 instituti
652 3881 753 3966 ratio
782 3880 947 3962 minime
973 3871 1147 3996 serebat,
1187 3905 1409 3989 mereatum
1436 3911 1581 3974 ,vetum
1598 3893 1713 3977 etiam
1727 3908 1769 3974 ut
1783 3882 1847 3992 ejus

442 4011 500 4081 ¹ut
523 3993 705 4078 intentas
728 3986 915 4100 ambages
938 3983 1147 4077 descende
1186 3991 1441 4104 urtpllffimus
1455 3998 1548 4090 usus
1563 4002 1606 4092 in
1623 3995 1848 4111 moioteluce

450 4123 625 4194 ternus..
682 4099 753 4212 Ne
778 4124 918 4191 umen.
933 4095 1008 4196 bec
1036 4101 1148 4197 inre
1188 4102 1461 4198 mulituom.

1710 4217 1750 4332 δε
1768 4233 1844 4328 aar·
