3880 5032
160 279 163 286 ²
376 233 526 389 '492⁵
766 275 1492 403 &tifflssefhtdiodstronomiaes

295 490 299 499 '
382 483 672 602 Qranrobrem
687 441 783 580 oum
796 483 970 572 circulus
986 476 1031 570 fit
1044 483 1093 570 li·
1132 485 1307 576 rhefibus
1322 489 1488 580 liberam
1505 491 1587 581 elie
1603 417 1819 594 volumno

234 634 240 644 ·
356 655 360 674 ·
390 629 465 690 nea
482 604 524 685 in
551 599 590 682 se
614 597 794 694 reditura
823 598 865 684 in
886 595 926 682 se
945 593 1093 708 spella·
1131 625 1253 713 arque
1274 605 1379 688 inter
1406 603 1608 694 theoriam
1633 609 1819 723 phyficam

332 836 335 844 V
391 739 479 848 turn
502 736 586 842 non
600 707 837 843 impoffiblle
856 709 934 804 est,
955 734 1003 796 ut
1021 733 1093 843 or·
1131 720 1179 806 &
1205 713 1399 802 medicam
1425 719 1580 808 inerte
1605 721 1756 808 salutari
1772 721 1821 806 di·

363 821 840 914 praenasceretur
894 821 997 908 Non
1018 845 1095 932 igr·
1132 822 1364 919 struxerunt.
1412 825 1592 945 Propter
1606 831 1824 920 abusumtr·

125 919 129 948 ’
317 1005 321 1012 ,
393 935 697 1048 tur-probamus
712 934 1001 1022 commentitias
1017 931 1098 1046 hya
1130 961 1223 1032 men
1237 937 1527 1055 hypothesrum
1546 969 1632 1030 non
1641 943 1825 1032 tollendus

393 1047 701 1184 potheseaquas
718 1045 840 1134 hodie
856 1047 960 1134 bene
977 1046 1093 1132 multi
1130 1073 1215 1142 erat
1232 1047 1327 1142 usus
1344 1078 1357 1161 ;
1385 1054 1452 1142 sed
1467 1055 1824 1176 hypotlreseeadiu·

392 1191 436 1254 rn
456 1158 753 1274 Philolophiam
784 1159 1004 1246 naturalem
1034 1162 1095 1244 in-
1133 1169 1382 1254 veniendum
1410 1173 1638 1256 veritatem·
1658 1194 1754 1280 aptae
1778 1167 1825 1252 di·

394 1275 572 1369 vehunt,
586 1272 745 1395 quidvis
761 1297 838 1383 pro
866 1271 998 1360 lubitu
1021 1203 1355 1404 in-licemendae
1381 1279 1651 1405 tigmentis,
1677 1307 1762 1392 quar
1788 1281 1822 1366 in

393 1412 557 1503 genter,
572 1409 665 1473 utut
689 1384 963 1474 demonstrare
982 1391 1099 1473 mmi-
1137 1419 1281 1483 eorum
1297 1392 1436 1481 locum
1452 1395 1734 1510 inungantur.

255 1589 258 1597 Α
394 1497 852 1614 me.porl1nttalia‚quae
872 1499 943 1588 fibi
959 1500 1099 1613 imagi.

373 1638 565 1712 nentur,
583 1615 780 1698 interum
797 1638 939 1702 natura
962 1613 1101 1700 existe-
1191 1617 1234 1724 5.
1252 1643 1346 1730 312.
1375 1619 1530 1732 Liquet
1547 1646 1678 1733 porro
1703 1645 1750 1706 ex
1769 1620 1823 1716 iis,

393 1753 442 1832 re
459 1723 580 1839 polle.
609 1723 741 1810 lmmo
762 1721 879 1812 facile
894 1724 1102 1836 largimur,
1138 1755 1230 1842 quae
1254 1733 1304 1817 de
1334 1732 1489 1818 theoria
1514 1735 1624 1838 Solis
1653 1733 1824 1862 analytice

69 1849 73 1860 ’
231 1862 237 1876 ’
394 1836 619 1936 istiusmodi
649 1861 877 1940 commenta
913 1863 996 1924 non
1025 1839 1102 1925 elle
1139 1829 1440 1956 pervestiganda
1459 1845 1664 1940 diximus,
1683 1849 1822 1930 iuven·

273 1993 275 1999 v
395 1950 653 2066 qualitatibus
673 1950 840 2038 occultis
853 1948 1102 2038 scholastico·
1135 1977 1218 2040 tate
1260 1985 1284 2042 a
1316 1956 1527 2068 posteriori
1575 1953 1806 2067 investigari

394 2091 491 2154 rum
517 2062 696 2154 meliora.
755 2061 1036 2172 Quamobrem
1057 2067 1100 2150 in
1139 2093 1385 2181 perpetuum
1419 2066 1497 2154 elle
1519 2067 1826 2176 debereerpari·

394 2176 585 2286 Physica,
610 2202 733 2291 quam
757 2179 889 2289 patrio
916 2175 1101 2284 sermone
1123 2183 1255 2265 entia
1294 2207 1342 2267 ac
1383 2183 1547 2268 rationis
1576 2180 1828 2268 connubium

392 2287 616 2384 edidimus,
632 2288 849 2421 maluimus
866 2286 1101 2420 phenome-
1137 2290 1290 2404 Neque
1302 2295 1410 2424 enim
1426 2317 1476 2378 ex
1500 2288 1825 2426 observationibtu

332 2505 333 2513 ψ
564 2402 861 2630 rinnaus
881 2399 1103 2603 ulra
1137 2401 1825 2628 :inauraturam

254 2649 259 2678 ¹
396 2629 468 2720 rifi
484 2653 574 2743 quar
592 2655 640 2716 ex
657 2625 1001 2716 observationibus
1019 2624 1104 2715 col·
1139 2627 1249 2716 ditur
1277 2629 1348 2714 nist
1377 2633 1419 2714 in
1449 2626 1670 2716 lubfidium
1695 2623 1824 2710 vocaris

398 2743 601 2854 liguratur,
617 2767 670 2828 ne
684 2745 836 2832 incerta
859 2765 955 2828 cum
984 2743 1103 2838 cernis
1138 2741 1344 2855 principiis
1378 2742 1649 2852 geometricis.
1711 2735 1824 2822 Immo

399 2851 701 2944 confrrndantur
718 2853 825 2946 &in
840 2854 1103 2938 inventorum
1137 2851 1230 2967 iplae
1248 2851 1492 2966 hypotheses
1508 2854 1606 2940 inde
1635 2875 1716 2936 non
1735 2845 1824 2933 deri·

387 2991 617 3078 ‚numerum
631 2959 880 3059 referantur,
899 2987 990 3076 quar
1012 2959 1103 3052 sunt
1140 2989 1289 3054 vantur
1310 2963 1588 3052 ratiocinando
1610 2961 1679 3048 nifi
1696 2962 1733 3044 vi
1749 2956 1824 3042 illo-

400 3083 443 3168 in
459 3077 725 3193 quaestionum
745 3101 930 3183 numero.
961 3075 1105 3162 Omni·
1139 3103 1235 3164 rum
1258 3079 1569 3190 principiorum.
1625 3073 1682 3180 Et
1700 3071 1765 3158 ubi
1783 3089 1822 3152 ex

403 3219 477 3282 um
493 3193 658 3279 minime
674 3213 809 3278 autem
833 3187 1104 3302 probamuefi
1139 3186 1355 3310 hypothefi
1387 3191 1555 3302 aptiori
1586 3178 1821 3275 deducenda,

404 3331 454 3396 ex
489 3303 771 3392 commentitiis
797 3301 870 3415 llry
901 3299 1105 3390 othefibus
1139 3327 1230 3416 quae
1247 3291 1823 3406 exeanecellarioconsrquun·

401 3415 812 3512 rationeareddannu
827 3415 870 3500 in
931 3411 1106 3509 encrat,
1142 3437 1232 3509 tur,
1247 3421 1295 3508 δι
1314 3413 1397 3501 stne
1414 3415 1565 3528 quibus
1586 3408 1732 3500 eedem
1750 3425 1821 3528 era·

402 3536 559 3646 quippe
593 3555 685 3643 quae
717 3552 800 3616 non
831 3525 957 3612 modo
988 3525 1107 3612 usum
1142 3528 1240 3610 mini
1259 3523 1405 3636 subjici
1430 3548 1663 3642 nequeunt,
1694 3518 1821 3631 princi·

264 3712 266 3721 ·
401 3643 563 3736 nullum
579 3647 620 3728 in
637 3639 934 3753 prarihabent‚
961 3664 1107 3724 verum
1142 3641 1216 3748 piis
1247 3635 1536 3727 mathematicis
1569 3637 1702 3724 denuo
1733 3645 1820 3737 opur

403 3761 522 3856 etiam
540 3779 710 3845 noceat,
724 3751 753 3839 sr
769 3756 810 3840 in
833 3752 945 3863 praxi
965 3775 1105 3838 earum
1140 3751 1502 3861 nabenusmeque
1520 3750 1588 3838 abs
1618 3771 1669 3832 ue
1688 3741 1819 3829 horum

401 3870 599 3958 rationem
624 3864 773 3954 habere
800 3862 996 3955 volueris,
1052 3861 1106 3952 Et
1141 3887 1222 3978 ope
1240 3775 1817 3956 observauonuiultuncnun

402 3981 491 4082 huc,
509 3978 637 4069 dubio
661 3975 808 4090 procul
835 3976 1016 4062 animum
1036 3975 1103 4062 ad·
1141 3971 1342 4087 capiendae
1387 3973 1640 4062 determinari
1667 3959 1814 4078 pollunt-

404 4083 1025 4298 verterunerhiPhilosoplriam
1041 4112 1105 4174 na·
1141 4083 1425 4198 Quamobrem
1454 4075 1763 4172 fi'rlllronomos
1780 4067 1813 4150 ia

398 4195 576 4304 ,ruralem
595 4211 643 4308 δέ

423 4411 427 4418 r

607 4493 609 4500 t

710 4197 1111 4318 ealieinaruabhypo·¹
1140 4197 1393 4319 ljhilosophia
1428 4195 1597 4294 nuurali
1622 4201 1667 4292 δι
1690 4177 1821 4412 :m
