3836 5030
232 311 236 336 ι
366 341 452 435 226
675 342 771 456 Cap.
799 341 837 433 I.
869 333 1107 454 Dedioerfis
1121 277 1342 450 copulamini
1356 333 1554 454 gradibus·
1590 391 1598 396 -

368 483 1661 516 ..mm-...U

212 577 219 584 ·
318 559 319 564 ‘
367 530 577 620 secundus.
633 527 769 614 Velim
790 527 874 615 huc
889 531 1071 615 animum
1112 525 1434 638 investigandum
1448 527 1706 640 proponitur,
1745 548 1811 623 uo,
1909 530 1915 549 '

370 644 581 734 advertant
609 640 686 735 illi,
739 641 890 754 quibus
927 637 1070 725 nostrae
1109 635 1224 750 quod
1235 636 1314 747 jam
1323 665 1468 726 notum
1484 639 1554 734 est,
1567 637 1690 724 demo
1755 667 1814 726 ra-

369 755 757 845 demonstrationum
808 749 1073 839 resolutiones
1113 773 1192 835 tur.
1248 749 1446 838 Dedimus
1465 746 1588 838 fidem
1603 749 1813 848 oculatam,

369 865 605 981 superflua,
634 861 880 978 autpmrius
898 859 1072 978 pueriles
1114 887 1206 975 quae
1228 864 1267 946 in
1283 859 1546 1060 suspicionem
1574 861 1721 950 adduci
1741 867 1815 948 mi·

370 981 578 1066 videnrur.
646 973 801 1088 Quodsi
823 971 1074 1086 'exemplum
1115 979 1222 1058 nime
1242 999 1337 1086 pote
1373 1037 1383 1060 .
1416 975 1591 1062 Memini
1614 999 1682 1059 me
1696 974 1814 1072 olim,

353 1091 756 1180 ‘Mathematicorum
785 1086 1073 1198 praelatorum
1116 1112 1210 1171 cum
1226 1089 1266 1170 in
1284 1087 1502 1176 Academia
1518 1085 1814 1198 LipfienfiMa-

373 1202 592 1290 obvertere
614 1201 811 1290 volueris,
854 1203 926 1312 qui
944 1197 993 1284 ad
1010 1225 1069 1282 ar·
1115 1197 1240 1284 thefin
1269 1223 1390 1312 arque
1414 1197 1711 1312 philosophiam
1743 1199 1816 1284 do-

372 1338 454 1404 tem
473 1317 615 1404 eximia
633 1309 862 1400 inveniendi
880 1335 1076 1423 pervene-
1116 1335 1272 1406 cerem,
1301 1335 1515 1425 antequam
1535 1311 1584 1396 ad
1602 1309 1815 1401 Profellio-

371 1450 471 1516 runt
501 1429 653 1538 absque
679 1424 747 1530 ista
770 1421 1075 1511 demoosttatio-
1114 1447 1207 1506 nem
1227 1419 1526 1551 Mathematum
1544 1424 1586 1507 in
1598 1421 1818 1516 Academia

372 1565 476 1628 num
506 1539 769 1642 resolutione3
826 1534 907 1622 hoc
926 1557 1073 1647 parum
1114 1531 1276 1622 Halenfi
1294 1561 1478 1632 vocarer,
1507 1558 1634 1634 artem
1650 1537 1818 1622 invene·

371 1675 448 1740 nos
463 1649 657 1737 movebit.
674 1643 1073 1756 Obieelionemenim
1117 1647 1252 1731 niendi
1306 1645 1414 1756 juxta
1450 1647 1610 1758 regulas
1658 1646 1740 1732 Dn.
1765 1649 1816 1734 de

373 1761 452 1849 elle
478 1761 630 1848 nullam
660 1785 706 1846 ca
736 1764 789 1844 ite
812 1757 1002 1872 sequente
1027 1783 1074 1843 o·
1118 1755 1403 1864 Tlhimhausm
1417 1762 1457 1844 in
1472 1757 1674 1846 Medicina
1698 1785 1816 1847 men-

352 1871 617 1962 ·stendemur·
671 1786 1073 1984 nlntitrquenthoc
1115 1872 1163 1956 tis
1185 1873 1416 1983 explicatam
1444 1899 1517 1984 per
1539 1872 1720 1982 exempla
1744 1899 1816 1958 ex·

373 2009 490 2074 exem
521 1985 608 2072 lum
628 1984 679 2074 ab
695 1983 786 2080 ista,
813 2007 936 2098 quam
960 2009 1074 2090 com·
1113 1985 1311 2070 erciturus
1337 1979 1611 2072 Geometriam
1637 1983 1818 2072 elemen-

373 2123 470 2186 men
502 2102 670 2190 avimus,
687 2093 1075 2183 demonstrationum
1116 2121 1241 2181 tarem
1258 2127 1303 2184 ea
1327 2097 1519 2184 methodo
1546 2095 1820 2209 perimenda,

306 2259 310 2264 -
347 2207 616 2298 resolutione
651 2235 692 2298 te
715 2206 909 2296 deterreri
949 2213 1076 2322 patio·
1117 2226 1163 2292 ut
1181 2207 1425 2298 theoremata
1435 2209 1482 2297 ad
1493 2208 1821 2320 problemarare-

361 2323 441 2412 ris
1116 2320 1820 2434 vocarem&quomodoexalsom·

426 2435 471 2544 §-
498 2461 575 2546 7o.'
596 2435 659 2524 Ex
683 2437 749 2529 iis,
784 2459 876 2550 quat¹
903 2429 1075 2519 diximus
1116 2433 1162 2518 tis
1178 2431 1461 2550 inhypothesr
1492 2454 1681 2548 tanquam
1710 2433 1818 2520 datis

270 2578 277 2592 ·
347 2557 421 2642 ⁰&
442 2574 517 2664 per
533 2551 731 2636 anteriora
747 2545 834 2632 satis
868 2541 1072 2630 manifesta
1114 2571 1280 2632 eruatur
1301 2544 1818 2660 quodintheircontinetur

370 2657 485 2754 sunt,
536 2659 683 2855 liqsuet,
713 2681 910 2770 quantum
933 2653 1069 2742 fallan-
1113 2657 1525 2772 tanquamquafitum
1545 2659 1818 2756 ostenderem,

345 2787 461 2866 'tun
489 2773 560 2884 qui
590 2770 647 2854 rbi
666 2769 832 2882 aliisque
857 2767 1071 2879 persuade·
1111 2767 1189 2881 ipsa
1220 2797 1273 2856 ue
1358 2768 1575 2858 roblemata
1621 2797 1818 2884 tanquam

347 2891 659 2991 recurrantur,
688 2879 802 2994 quod
826 2879 1071 2966 demonstra·
1110 2795 1466 2981 nonlumslsslun,
1495 2882 1561 2970 sed
1585 2883 1816 2986 adhuesol-

349 2997 496 3078 ¹tiones
528 2990 783 3103 synthericae,
818 2989 955 3104 quales
978 2989 1069 3078 sunt
1108 2995 1239 3080 venda
1279 3021 1573 3108 proponerem,
1618 2995 1818 3109 idemque

257 3187 259 3194 .
350 3103 1069 3218 'EuclidisatqueGeometraromve-
1105 3107 1283 3194 imitarer
1296 3111 1337 3196 in
1355 3105 1625 3205 Arithmetica.
1687 3108 1819 3198 Unde
1916 3119 1917 3156 l

366 3239 526 3315 terum,
557 3241 640 3302 non
663 3216 779 3304 fimul
803 3217 878 3305 srnt
905 3217 1070 3328 analyti·
1106 3222 1273 3331 contigit
1292 3222 1333 3308 in
1359 3217 1577 3308 Elementis
1595 3221 1820 3310 Germani-

367 3355 445 3426 ca,
470 3327 762 3443 conloquenter
787 3333 970 3417 veritates
997 3355 1065 3415 eo-
1108 3333 1162 3417 cis
1193 3333 1500 3420 Arithmeticam
1546 3333 1766 3446 prailieam
1788 3365 1814 3424 a

364 3439 460 3531 dem
477 3441 603 3528 modo
618 3441 670 3528 ab
687 3441 777 3556 ipsis
800 3443 969 3554 reperiri
985 3441 1069 3528 non
1107 3469 1174 3528 me
1208 3443 1438 3558 pertraliari
1479 3445 1673 3532 methodo
1708 3475 1813 3536 vere

338 3559 599 3752 potuerint,
629 3579 713 3666 quo
730 3554 1065 3639 demonstrantur.
1107 3555 1318 3668 analytica,
1346 3579 1393 3642 ut
1418 3583 1467 3642 ex
1492 3563 1609 3645 unica
1639 3561 1812 3646 notione

325 3673 352 3716 ·'
402 3670 526 3752 renim
566 3665 594 3748 fi
621 3691 671 3752 ex
697 3663 870 3752 assumtis
887 3666 1066 3778 legitime
1105 3673 1265 3753 numeri
1281 3667 1501 3764 rationalis,
1525 3675 1595 3784 qui
1614 3668 1814 3778 juxtade-

342 3777 1066 3888 ¹ratiocineris,quemadmodumfie-
1104 3779 1327 3869 finitionem
1342 3781 1530 3878 Euclidis,
1559 3781 1813 3870 fistiturtan-

345 3887 562 3975 ‘ridebere
590 3891 868 4004 exrprincipiis
890 3889 1062 4001 Psycho·
1102 3897 1437 4004 quamunitatum
1451 3893 1816 3990 multitudomimi-

313 4059 315 4064 -
357 3995 477 4196 logia
499 4001 699 4111 empirica
720 4001 1064 4118 demonstraripo·
1102 4033 1196 4090 rum
1230 4005 1339 4116 juxta
1371 4005 1613 4110 methodum
1645 4015 1812 4119 geneti-

359 4131 400 4196 te
443 4135 454 4216 3
483 4111 626 4198 eodem
641 4113 807 4222 prorsus
831 4111 955 4204 modo
978 4114 1061 4199 col·
1099 4143 1186 4204 cam
1203 4141 1391 4230 tanquam
1408 4144 1522 4204 ortus
1539 4143 1588 4204 ex
1610 4123 1812 4212 continue

213 4339 222 4348 ι
337 4217 498 4362 [ligitur
513 4221 830 4364 quodigoorum
851 4227 920 4330 est,
938 4233 986 4324 do
1006 4221 1056 4320 ed
1095 4231 1257 4351 uelutis
1274 4228 1496 4355 additione,
1516 4231 1814 4440 integram&

542 4433 544 4440 ,
821 4365 835 4378 “
1137 4362 1353 4392 ··“’··“
1471 4372 1815 4435 mann.
