3836 5030
432 431 435 436 Ι
487 357 494 378 =
542 333 595 434 &v
615 323 804 446 promocio
818 319 937 412 iidem
949 329 1222 469 acquiramur·
1369 337 1374 342 ’
1518 357 1605 450 295
1673 370 1678 392 '

198 517 243 632 §.
271 529 350 630 78.
377 515 489 604 Patet
511 541 669 613 autem,
700 513 855 614 fithoc
892 512 1598 639 (5.2=1aoeom.)d.e1rneaperp0fl.

135 632 264 719 modo
275 633 317 717 in
327 627 611 715 resolutionem
620 625 850 742 problema·
890 624 1056 712 diculari
1091 653 1142 722 ex
1179 628 1273 717 dato
1301 633 1343 717 in
1375 631 1481 724 resta
1504 637 1594 726 data
1685 687 1690 701 ,
1751 703 1759 730 ,

138 747 186 832 tis
202 745 401 856 inquiris,
423 741 517 827 hinc
540 739 656 828 fimul
672 739 847 826 modum
887 740 1042 848 puniio
1066 741 1283 830 excitanda.
1341 741 1443 831 Data
1460 747 1505 836 fit
1522 775 1699 872 rema
1758 817 1765 844 ,

135 855 354 970 problema
378 858 419 940 in
441 853 649 941 theorema
672 876 845 938 conver·
882 847 945 937 eu
966 851 1058 937 ML
1074 858 1122 947 &
1138 855 1180 963 in
1198 854 1587 968 eodeturpuniium
1622 889 1659 978 ι,
1684 845 1697 880 ’

48 990 53 999 ·
133 965 226 1056 sum
254 965 557 1056 demonstrandi
587 960 844 1053 manifestum
881 961 947 1058 G,
975 987 1025 1050 ex
1045 962 1125 1051 hoc
1154 964 1310 1078 punito
1334 968 1377 1056 G
1404 965 1686 1088 ducendaFig:

42 1140 47 1149 -
128 1080 224 1168 effe.
285 1079 333 1167 In
361 1107 407 1166 ea
434 1081 547 1165 enim
573 1077 844 1192 investiganda
885 1074 1084 1173 estlinea‚
1106 1103 1198 1190 quae
1217 1077 1320 1170 fitad
1339 1080 1587 1176 rebamur„
1624 1103 1684 1178 rat
1797 1133 1801 1140 -

33 1213 39 1364 1
131 1197 261 1288 uteris
279 1194 411 1306 princi
443 1193 511 1288 iis,
539 1191 690 1304 quibus
715 1195 756 1277 in
774 1147 867 1278 dei
884 1189 1239 1300 perpendicularis.
1321 1193 1501 1286 Ponatur
1526 1199 1587 1292 fa-
1672 1289 1676 1298 ,

32 1367 36 1444 5
132 1305 400 1394 monstrando
410 1217 534 1391 babes
543 1303 721 1418 opusrid
730 1300 844 1416 quod
883 1299 1019 1398 bium,
1047 1303 1160 1414 quod
1177 1303 1408 1418 petebatur,
1437 1338 1586 1428 nempe
1752 1341 1757 1394 ·.

31 1446 33 1508 ῑ
133 1443 187 1504 ex
203 1417 419 1506 collatione
442 1443 611 1515 eorum,
699 1445 733 1502 ae
754 1439 845 1500 mo·
882 1411 1002 1501 dueta
1017 1417 1360 1530 perpendicularis
1386 1421 1459 1510 Gl.
1485 1424 1589 1514 Su'c-

29 1551 32 1616 ?
136 1529 193 1618 do
205 1529 312 1636 dista
339 1529 455 1626 sunt,
482 1555 578 1618 curn
596 1555 641 1616 re
658 1527 841 1614 diutione
872 1527 1009 1612 currit
1032 1551 1083 1612 ex
1109 1530 1397 1627 anterioribus:
1425 1533 1467 1621 Si
1483 1535 1588 1632 linea

128 1641 485 1732 demonstrationis
520 1639 705 1756 superius
736 1637 838 1728 faut
879 1635 1201 1740 remouendi,
1228 1641 1315 1755 duo
1331 1641 1417 1732 dari
1433 1646 1586 1744 debent

128 1757 200 1861 (5.
245 1754 363 1868 52.)
401 1777 521 1870 patet.
577 1751 836 1842 Demonstro·
873 1748 1043 1864 puniit,
1071 1778 1412 1876 exquorumuno
1428 1759 1586 1852 adalta.

129 1870 260 1958 tiones
287 1873 481 1956 nimirum
503 1893 584 1954 una
611 1891 707 1954 com
733 1865 839 1952 reso·
876 1887 971 1950 rum
988 1863 1151 1952 ducitur
1168 1865 1275 1956 reiis
1297 1871 1361 1977 (§.
1382 1869 1475 1960 ror.
1503 1880 1579 1968 Ge-
1619 1883 1623 1937 ⁴

129 1979 287 2071 iutione
303 2009 384 2072 una
397 1979 619 2094 eademque
633 1979 839 2092 operade·
875 1976 998 2086 om.).
1054 1977 1181 2066 Unda
1205 1975 1399 2068 infertur:
1430 1982 1580 2076 Praeter

127 2093 837 2320 ibidiuuiiiiuuussssi
873 2087 1173 2337 abibitis
1204 2093 1457 2295 {iiiiii
1466 2099 1582 2324 iii?
1678 2222 1682 2231 ·

129 2343 230 2408 nere
246 2322 449 2430 volueris,¹
489 2345 551 2407 uae
572 2315 770 2413 invenisti,
788 2344 833 2405 ea
871 2313 985 2404 bium
1018 2315 1129 2402 aliud
1147 2315 1185 2412 1,
1210 2340 1258 2405 ut
1273 2317 1380 2408 reiia
1407 2321 1467 2410 Gi
1484 2324 1582 2414 duci

120 2457 227 2630 ‚pure
260 2430 407 2536 faciunt
443 2346 492 2520 ab
522 2427 831 2536 resolutionem,
871 2427 1004 2542 poffir.
1072 2427 1224 2542 Liquet
1265 2433 1414 2542 igitur,
1442 2459 1577 2528 totum

153 2571 290 2658 epares
315 2541 362 2631 ad
387 2546 551 2640 ceteris,
574 2571 667 2655 quae
684 2542 733 2630 ad
763 2543 831 2632 de·
871 2542 1082 2654 negotium
1098 2541 1382 2644 ineoveriari‚
1410 2571 1577 2662 utpun·
1684 2633 1689 2647 „
1794 2595 1796 2608 =
1901 2583 1902 2590 ¹

128 2657 455 2746 monstrationem
480 2653 669 2770 spefiiant.
723 2655 829 2744 Sub·
869 2651 984 2742 tium
1003 2652 1020 2739 1
1037 2652 1341 2744 determinetur.
1371 2655 1576 2751 Ponamus
1692 2675 1694 2680 ’

128 2769 220 2858 inde
235 2775 372 2856 tamen
395 2772 514 2860 etiam
539 2772 580 2860 io
611 2767 830 2856 Elementis
871 2766 1009 2855 denuo
1025 2763 1107 2852 hoc
1127 2763 1383 2867 euenum.
1436 2773 1574 2862 Stimi-
1647 2865 1649 2873 ,

126 2883 271 2970 nostris
285 2877 573 2970 resolutionem
593 2889 640 2978 dc
659 2880 830 2968 demon·
868 2903 940 2968 tur
977 2883 1032 2966 ita
1062 2905 1135 2966 ue:
1165 2880 1283 2970 Rem
1309 2907 1358 2969 ex
1382 2884 1575 2998 poncio!

122 2995 357 3087 strationem
416 3021 499 3083 una
548 2992 830 3090 exhibuimus,
869 2992 918 3080 ad
941 2905 1144 3103 pungum
1162 2993 1573 3112 Gdubiaperpendi·
1599 2991 1633 3104 ,’

152 3106 474 3197 uemadmodum
492 3104 721 3240 inhocjpso
739 3107 830 3194 casu
854 3102 1014 3192 'culatis
1049 3106 1117 3192 esi.
1171 3105 1383 3196 Succurrit
1414 3115 1573 3225 princi·

121 3131 299 3316 buum,
353 3243 478 3331 quem
528 3217 701 3332 exempli
721 3218 830 3307 'loco
869 3221 1005 3332 pium:
1033 3217 1072 3302 Si
1107 3215 1212 3304 reiis
1239 3222 1423 3333 quaedam
1449 3225 1573 3315 fueris

121 3335 417 3448 produximus,
476 3341 524 3428 ὃς
549 3335 591 3416 in
623 3333 727 3431 aliis,
756 3334 828 3420 ubi
868 3331 917 3418 ad
935 3331 1096 3418 alteram
1109 3332 1473 3443 perpendicularis,
1502 3340 1571 3426 au'-

150 3445 394 3536 roiixiorest
419 3441 725 3543 demonstratio,
757 3472 842 3534 ve.
868 3443 954 3559 guli
973 3443 1286 3556 deincepspofiti
1300 3447 1574 3560 aequoiessunt
1662 3481 1668 3493 ’
1774 3469 1778 3476 ’

118 3473 529 3780 botuuini:
543 3557 827 3781 uisuri
867 3557 1571 3786 irutrmiduruue

116 3784 326 3900 269.282.
341 3785 564 3881 Arum).
870 3785 970 3870 sunt.
1020 3781 1212 3868 Sumatur
1246 3781 1306 3869 IG
1338 3809 1415 3894 pro
1448 3813 1570 3878 crure

269 3913 271 3920 ’
782 3955 785 3962 ,
869 3895 1165 4008 triangulorum
1279 3897 1570 4016 contiguorum

164 4007 206 4118 ς.
235 4031 308 4122 79.
347 4007 504 4094 Demus
526 4004 661 4094 adhuc
687 4031 820 4096 exem·
866 4009 1087 4099 communi.
1136 4007 1247 4092 Patet
1275 4011 1470 4122 triangula
1500 4013 1570 4105 ista
1672 4063 1687 4104 ·.

109 4117 234 4234 pium
264 4119 389 4210 aliud
445 4119 530 4234 Sup
562 4144 709 4208 onatur
750 4124 820 4207 ita-
864 4123 1013 4210 habere
1029 4117 1570 4248 anguiumumuncquaiem

120 4255 204 4368 qtte
227 4233 420 4344 resolutio
461 4145 723 4350 problematis
755 4235 818 4326 16.
864 4245 1052 4436 &herus
1074 4258 1205 4324 unum
1222 4255 1309 4344 elus
1330 4233 1408 4324 effe
1431 4255 1569 4433 require·

224 4409 229 4418 ι
390 4379 395 4386 '
803 4433 810 4448 ,
992 4370 1024 4438 2
1521 4374 1568 4448 θ’
