3836 5030
298 301 336 368 ,“
423 335 509 406 202
712 299 872 422 eupli·
899 303 962 388 De
978 299 1150 414 diverfis
1163 291 1387 418 cognitionis
1395 295 1584 418 gradibus

418 480 652 592 [sumturum
672 484 713 570 in
736 479 1048 569 demonstrando
1071 477 1129 566 fa·
1169 482 1245 568 lius
1271 483 1326 564 ai
1347 486 1388 568 in
1411 507 1504 573 crus
1524 485 1677 576 alterius
1700 490 1763 576 AB
1802 511 1869 587 on

416 595 494 696 ‚sto
510 594 748 710 discrimine·
805 593 909 682 Dico
925 592 1061 706 quoad
1080 620 1128 679 u·
1162 603 1508 713 proportionem,
1536 598 1678 714 estque·
1694 519 1868 713 ongufusi

421 696 785 796 sumaiiumtorum
802 705 1128 793 indemonstran-
1168 709 1367 820 oaequolis
1394 709 1467 821 ipit
1491 715 1532 794 Α
1550 717 1687 828 proin
1730 717 1830 827 olocfio.

425 818 498 906 do:
528 821 619 908 olias
648 823 755 908 enim
787 816 1044 916 manifestum
1070 819 1128 904 est
1169 819 1272 905 Haec
1296 820 1367 906 ubi
1393 824 1631 936 perpendis,
1671 738 1830 914 (utentur

422 931 635 1026 discrimen
658 938 761 1020 inter
776 960 842 1028 et,
872 959 963 1046 quae
992 935 1034 1018 in
1051 930 1126 1042 hy·
1168 937 1356 1018 theorema
1370 935 1499 1042 12(§·
1518 939 1606 1024 166.
1625 941 1828 1032 Gummi

424 1043 600 1158 perirest,
628 1053 675 1142 &
703 1073 770 1142 eo,
798 1071 888 1158 quae
911 1047 953 1130 in
973 1069 1127 1156 praepa·
1165 1041 1319 1130 filerint
1344 1046 1428 1132 duo
1457 1045 1594 1158 anguli
1616 1078 1647 1134 κ
1703 1048 1829 1144 ales&

422 1160 579 1246 ratione
597 1158 825 1250 sumuntur.
874 1155 1038 1243 Etenim
1052 1180 1126 1265 per
1166 1181 1307 1242 vertex
1324 1161 1446 1273 unius¹
1461 1186 1636 1274 ponatur
1660 1189 1827 1276 upervrr·

416 1297 470 1357 en
496 1270 596 1368 sola,
625 1299 717 1384 quae
749 1274 790 1356 in
810 1265 1031 1384 ,hypothefi
1059 1267 1122 1353 su·
1162 1273 1283 1354 ricem
1300 1271 1460 1358 alterius
1484 1297 1529 1380 tc
1551 1299 1734 1386 praeterer
1755 1298 1825 1359 crus

418 1383 1006 1492 munturgdererminamurea,
1032 1407 1122 1496 quae
1161 1405 1296 1468 unum
1336 1381 1444 1468 illius-
1473 1383 1595 1496 super
1623 1411 1734 1470 crure
1764 1410 1826 1470 unu
1868 1431 1869 1434 κ

417 1493 598 1608 subjeiio
618 1493 956 1588 tribuendarum
973 1495 1119 1579 eodem
1161 1489 1307 1603 huius,
1346 1501 1464 1582 eriam
1487 1519 1579 1583 crus
1610 1496 1766 1584 alterum
1791 1497 1823 1580 l·
1868 1475 1869 1570 l

416 1606 519 1709 odeo
572 1605 879 1694 demonstranda
925 1610 1120 1694 veniunt:
1162 1604 1237 1692 lius
1272 1605 1393 1720 super
1421 1635 1514 1694 crus
1545 1607 1709 1696 alterum
1734 1606 1825 1719 huju

410 1745 510 1834 'quae
545 1747 645 1807 vero
679 1723 719 1806 iu
741 1723 1030 1834 preparatione
1052 1717 1117 1804 iu·
1160 1717 1276 1804 cadit.
1334 1719 1461 1837 Unde
1481 1717 1677 1808 infertum
1713 1747 1825 1812 uerus

412 1858 608 1929 mumur,
637 1859 721 1920 nun
744 1829 867 1934 alium
894 1831 1045 1919 habent
1068 1858 1115 1918 u-
1155 1859 1209 1918 ac
1232 1831 1369 1944 anguli
1393 1865 1418 1916 a
1450 1832 1573 1945 super
1619 1859 1731 1924 crure
1761 1829 1822 1918 Ac

409 1943 521 2040 sum,
577 1973 701 2060 quam
743 1965 791 2032 ut
830 1968 880 2030 ex
912 1939 1055 2030 sumtis
1076 1946 1117 2029 in
1157 1943 1292 2056 unguii
1323 1945 1363 2030 A
1394 1943 1514 2034 com.
1570 1945 1820 2062 Jamporroo

409 2055 626 2172 hypothefi
674 2055 867 2172 procedat
908 2060 1116 2143 ratiocino·
1155 2057 1315 2144 caditin
1339 2055 1378 2144 Α
1404 2065 1451 2151 &
1473 2060 1668 2172 oisuper
1697 2055 1755 2144 ΑΒ
1768 2083 1821 2173 per

411 2173 482 2258 tio.
538 2169 749 2260 Nimirum
771 2195 864 2284 quae
888 2173 932 2254 in
958 2195 1114 2284 praepc-
1151 2197 1235 2286 poae
1260 2178 1469 2257 orationem
1497 2179 1544 2265 δι
1566 2176 1622 2256 ob
1639 2202 1668 2248 :
1681 2169 1743 2257 AB
1771 2173 1820 2277 in

340 2283 342 2294 '
407 2287 563 2372 ratione
579 2283 819 2380 sumuntur,
848 2308 1003 2396 pereo,
1021 2308 1112 2396 quae
1146 2305 1215 2399 por
1243 2312 1264 2365 e
1289 2314 1329 2370 n.
1418 2281 1485 2370 Ad
1533 2284 1622 2372 haec
1673 2287 1820 2370 mimum

405 2395 648 2498 sumuntur,
704 2401 750 2485 in
779 2394 997 2507 hypothesi
1026 2421 1112 2481 uon
1151 2419 1267 2481 mum
1307 2395 1529 2484 advertenti
1558 2391 1821 2486 succinctim&

254 2577 264 2585 -
403 2507 752 2608 determinentur,
806 2505 1027 2594 alimonirn
1046 2535 1109 2596 ra·
1149 2505 1255 2596 rofio
1282 2507 1466 2624 quaedam
1484 2508 1597 2598 alteri
1622 2507 1766 2624 aequtlis
1781 2507 1821 2586 in

401 2620 633 2712 uocinmdo
648 2617 851 2708 exiisdem
872 2617 1008 2732 colligi
1031 2647 1107 2732 pu
1148 2619 1396 2734 applicetur,
1422 2647 1470 2708 ut
1489 2625 1684 2710 terminus
1699 2618 1817 2730 ejusu·
1867 2627 1868 2710 l

401 2756 554 2830 terant,
610 2759 686 2820 nec
721 2729 804 2821 ullo
841 2729 949 2817 foret
984 2735 1107 2826 ratio,
1149 2759 1224 2819 nus
1237 2732 1476 2846 crdatsuper
1485 2740 1702 2822 terminum
1714 2751 1818 2817 unum
1867 2753 1868 2838 j

404 2873 480 2932 cur
532 2844 802 2932 sumerentur.
887 2843 1003 2930 Sumi
1038 2871 1105 2932 au·
1121 2844 1307 3063 'alterius
1324 2873 1369 2932 oc
1387 2847 1468 2958 ipsa
1484 2847 1598 2936 codar
1615 2851 1655 2934 in
1672 2845 1821 2932 alteram

405 2983 491 3048 tem
523 2956 685 3073 poliunt
716 2983 799 3044 non
831 2960 958 3044 invito
991 2961 1104 3072 prin·
1145 2961 1263 3044 etiam
1281 2957 1378 3044 riter
1398 2957 1485 3071 ejus
1503 2961 1698 3047 terminus
1712 2961 1818 3041 inter·
1867 2959 1868 3042 l

400 3073 509 3186 cipio
536 3069 876 3167 contradiiiionis‚
907 3067 1131 3210 quatenus!
1144 3071 1301 3154 minum
1318 3063 1818 3172 alterumalteriuscadit(§.
1867 3065 1868 3144 l

399 3181 616 3298 hypothesi
646 3211 728 3270 non
755 3209 1006 3297 repugnant,
1034 3183 1102 3269 sed
1147 3185 1242 3296 169.
1278 3183 1450 3294 Germ).
1515 3186 1638 3272 Unde
1671 3181 1816 3269 infertur

399 3300 580 3393 curulis,
609 3324 698 3410 quae
732 3299 774 3386 in
804 3297 945 3384 eadem
974 3299 1105 3408 conti-
1144 3321 1184 3382 2.
1204 3291 1814 3411 reuaeaopunuumocaderon
1867 3329 1868 3352 r

399 3437 570 3508 nentur,
599 3409 919 3498 unaconfistunt.
973 3409 1103 3496 Abio—
1143 3409 1342 3521 punstum
1368 3409 1398 3494 B
1420 3411 1538 3496 reiiae
1563 3412 1723 3498 alterius
1749 3399 1815 3488 AB.

396 3527 482 3614 luto
514 3529 649 3639 itaque
696 3525 984 3636 praeparatione
1029 3521 1096 3607 de·
1141 3521 1329 3607 Similiter
1352 3523 1550 3634 punilum
1573 3521 1714 3608 ocidit
1734 3513 1812 3600 inii

395 3637 632 3726 monstratio
651 3634 985 3746 eminerammi,
1000 3660 1098 3747 qua·
1134 3659 1208 3750 per
1223 3643 1547 3750 proporooiomm
1570 3643 1617 3730 &
1642 3665 1693 3716 ao
1715 3629 1813 3740 super

392 3747 474 3837 lem
496 3753 666 3863 requirit
683 3747 776 3836 usus
799 3743 1034 3853 facultatum
1059 3777 1100 3835 e
1140 3743 1222 3830 AC
1241 3772 1314 3856 per
1327 3747 1579 3862 dmronsirato
1593 3751 1694 3832 noni
1709 3771 1738 3827 1.
1756 3735 1818 3822 est·

383 3863 535 3958 uimae,
564 3861 832 3974 iraprocediu
936 3957 939 3964 .
1139 3857 1368 3970 queacz'A
1380 3854 1818 3978 Cprrboporhefio.8uc·

297 3992 392 4073 Τὼ.
447 3973 489 4082 ξ.
517 4000 585 4088 41.
612 3971 765 4060 Verrex
797 3973 931 4086 unguii
952 3973 1096 4062 acedit
1134 3973 1262 4058 currit
1280 3971 1402 4084 igitur
1423 3973 1562 4058 denuo
1590 3971 1816 4084 principium

320 4093 355 4176 i.
391 4091 647 4186 iuuerticem
665 4085 801 4219 anguli
826 4085 934 4188 A&
947 4087 1096 4180 crusii
1134 4083 1261 4178 modo
1292 4109 1681 4203 munumentum
1719 4075 1813 4163 inde-
